3376 5178
344 605 490 671 Accedit
514 607 602 689 quod
624 629 800 690 numquam
833 608 941 674 adhuc
963 608 1147 693 fragmenta
1170 613 1356 676 accuratius
1381 634 1433 676 ex-

259 715 405 779 aminata
429 720 529 797 atque
561 721 702 780 tractata
726 722 811 780 sunt.
858 714 925 780 Hic
957 717 1008 780 vel
1030 717 1097 781 illio
1127 724 1256 783 tantum
1286 719 1433 784 homines

258 820 345 885 docti
362 820 533 886 occasione
550 821 629 887 data
643 822 797 886 iudicium
824 822 864 886 de
889 822 998 905 aliquo
1014 825 1222 906 protulerunt
1238 825 1432 909 fragmento,

256 927 375 1011 quibus
398 933 591 993 tamennon
615 950 743 1011 semper
758 929 1024 1011 adstipulandum
1049 937 1099 995 est
1122 969 1164 978 —
1189 938 1226 995 ut
1241 937 1367 997 taceam
1392 931 1432 995 de

257 1031 420 1119 Sittlii4)
444 1035 576 1117 ineptiis
601 1035 656 1118 qui
679 1034 875 1099 insolentem
898 1037 1079 1118 parasitum
1099 1036 1233 1100 tandem
1249 1059 1288 1102 ex
1304 1037 1434 1102 histori-

257 1162 369 1205 corum
386 1141 574 1206 Ionicorum
598 1147 730 1206 caterva
746 1163 780 1206 se
798 1143 932 1207 eiecisse
949 1164 1145 1226 magnopere
1161 1144 1293 1226 gaudet.
1321 1143 1434 1208 Nomi-

257 1249 358 1311 natim
372 1249 688 1312 commemoraverim
703 1270 774 1330 quae
788 1248 954 1315 Vossius
970 1249 1036 1332 (De
1048 1249 1161 1314 histor.
1176 1247 1284 1314 Graec.
1297 1250 1316 1314 I
1329 1271 1398 1332 cap.
1415 1240 1443 1313 ΙΙ

256 1375 287 1436 p.
316 1358 356 1418 12
382 1377 406 1418 s.
432 1352 609 1424 Westerm,
636 1361 669 1418 et
692 1353 769 1418 ibid.
801 1355 875 1421 adn.
901 1353 957 1440 31)
990 1357 1147 1438 exposuit,
1181 1362 1213 1420 et
1243 1355 1434 1420 Muelleri

257 1461 512 1543 disputationem
528 1459 630 1526 FHG
645 1460 1072 1545 XXXVI—XXXVIII,
1096 1467 1257 1544 praeterea
1274 1485 1346 1546 quae
1362 1462 1434 1527 bre-

258 1568 343 1632 viter
362 1575 396 1633 et
411 1568 494 1633 bene
511 1569 698 1652 complexus
715 1575 765 1633 est
786 1567 983 1634 Schwartz
1000 1568 1234 1654 (Pauly-Wiss.
1252 1591 1277 1634 s.
1295 1592 1323 1633 v.
1340 1569 1433 1633 Aku-

258 1674 386 1758 silaus),
418 1675 458 1738 cf.
485 1677 582 1741 otiam
607 1674 762 1754 Bosolt,
795 1672 855 1740 Gr.
881 1672 1002 1740 Gesch.
1027 1674 1061 1739 p
1084 1698 1115 1758 p.
1144 1680 1206 1741 149
1232 1699 1267 1756 s,
1292 1675 1433 1758 denique

257 1783 387 1847 Herm.
412 1783 538 1864 Diels,
563 1783 628 1846 Die
644 1781 843 1865 Fragmenta
867 1782 926 1846 der
942 1782 1207 1864 Vorsokratiker,
1232 1781 1320 1847 Berl.
1348 1785 1433 1847 1903

257 1913 288 1973 p.
315 1892 501 1955 510-511.
549 1887 704 1954 Ceterum
729 1889 772 1953 ad
795 1911 865 1972 cap.
890 1889 909 1952 I
932 1896 965 1954 te
988 1890 1109 1972 relego.

287 2048 290 2055 .
346 1997 436 2078 Ergo
474 1997 572 2060 etiam
600 1995 662 2060 hac
694 2018 734 2060 ex
763 2003 859 2079 parte
887 1996 1086 2080 superfluum
1120 2018 1186 2061 non
1223 2003 1273 2061 est
1306 1997 1433 2060 auctori

258 2123 391 2184 operam
415 2103 504 2186 dare,
530 2125 605 2166 num
630 2103 769 2167 fortasse
794 2103 951 2167 nonnulla
968 2103 1008 2167 de
1024 2102 1182 2168 Acusilao
1200 2105 1333 2186 eiusque
1349 2102 1433 2167 libro

259 2210 419 2292 expiscari
443 2209 549 2278 liceat.

347 2317 467 2399 Itaque
497 2317 577 2380 mihi
604 2319 769 2400 proposui,
800 2317 939 2401 primum
964 2317 1113 2381 Acusilai
1143 2316 1326 2398 fragmenta
1349 2323 1433 2380 trac·

258 2430 345 2506 tare,
377 2445 450 2487 oum
475 2423 592 2489 deinde
616 2447 689 2506 quae
713 2446 828 2488 revera
851 2425 916 2488 sint
939 2423 1088 2488 Acusilai
1113 2424 1334 2502 enuclearem,
1367 2445 1432 2487 non

259 2532 406 2595 omittam
431 2552 574 2614 monere,
599 2553 697 2614 quam
714 2532 795 2595 artis
812 2531 1063 2595 necessitudinis
1079 2531 1217 2595 vinculis
1233 2536 1344 2595 noster
1362 2551 1433 2594 oum

258 2636 407 2702 Hesiodo
424 2639 615 2704 coniunctus
633 2639 683 2703 sit.
708 2639 826 2702 Finem
839 2637 1133 2702 dissertatiuncula
1149 2638 1313 2724 nonnullae
1331 2659 1434 2721 quaes·

258 2745 364 2809 tiones
388 2745 431 2810 ad
454 2743 603 2811 Acusilai
625 2744 726 2810 libros
750 2746 952 2828 pertinentes
976 2745 1107 2811 facient.

347 2923 369 2991 ⁴)
390 2927 432 2976 Gr.
453 2927 605 2990 Littgescir.
627 2928 638 2976 Ι
657 2942 682 2989 p.
702 2925 761 2978 346.
781 2925 843 2978 347.
