3376 5178
798 419 1019 478 ...44-

320 597 508 688 οἷντέχεσδαι
539 605 590 672 διὰ
615 605 653 673 τὸ
676 605 728 672 ἐντ’
753 599 851 673 αὐτοῦ
879 609 1005 691 μέλλειν
1029 614 1183 695 γίνεσθαι
1214 609 1270 698 τὴν
1292 610 1390 694 μῖξιν.
1421 613 1500 698 περὶ

321 711 354 777 δὲ
377 722 435 778 τοῦ
451 714 566 800 δέρους,
592 708 643 779 δτι
666 703 702 801 ἦν
714 723 861 801 χρυσοῦν,
886 714 1083 782 οἱπλεῖστοι
1107 716 1299 803 ἱστοροῦσιν.
1323 709 1497 784 Ἀκουσί-

294 819 411 897 υλαος
433 820 466 885 δὲ
490 818 522 886 έν
544 829 591 907 argi
614 822 691 907 περὶ
715 822 924 908 γενεαλογιιῦν
940 828 1209 912 πορφυρευδηναί
1233 846 1331 912 φησιν
1353 817 1420 891 διτὸ
1442 833 1500 912 τῆς

321 926 500 1015 θαλάσσης.
1416 933 1451 999 L.

410 1092 510 1141 Forma
528 1092 648 1141 discedit
666 1107 692 1154 p.

408 1178 432 1230 5.
454 1179 519 1244 ὑπὸ]
540 1195 558 1243 p
578 1180 635 1231 ἀπὸ
655 1182 674 1229 L
693 1181 710 1230 f.

409 1319 533 1386 Scholii
548 1321 627 1404 quid
649 1322 691 1386 sit
705 1319 853 1387 Acusilai
869 1323 1076 1389 manifestum
1102 1329 1152 1388 est
1175 1346 1283 1407 neque
1299 1325 1405 1390 minus
1423 1347 1495 1390 eum

320 1429 361 1492 ab
384 1428 533 1493 Hesiodo
558 1428 633 1514 (frg.
659 1429 717 1514 51)
741 1429 919 1496 abhorrere
943 1432 1150 1515 perspicitur.
1180 1431 1270 1496 Illud
1286 1438 1414 1497 tantum
1438 1433 1498 1498 du·

319 1536 409 1600 bium
434 1557 505 1600 esse
529 1543 647 1619 potest,
679 1558 756 1600 num
781 1544 897 1602 auctor
920 1538 1031 1604 multis
1063 1545 1162 1621 atque
1194 1540 1356 1621 expressis
1387 1541 1498 1606 verbis

319 1642 423 1708 vellus
447 1642 529 1708 mari
553 1644 662 1708 colore
692 1666 856 1727 purpureo
891 1644 1044 1710 affectum
1075 1667 1147 1710 esse
1178 1647 1361 1711 narraverit
1389 1669 1431 1710 an
1461 1649 1494 1711 in

319 1757 510 1815 transcursu
541 1750 629 1835 δέρος
652 1759 838 1837 πορφυροῦν
869 1753 1180 1818 commemoraverit.
1227 1751 1383 1818 Acusilao
1415 1776 1495 1837 quo·

319 1879 382 1941 que
407 1859 519 1922 arietis
543 1858 638 1940 pellis
670 1859 812 1922 omnium
838 1866 887 1924 est
910 1860 1162 1942 pretiosissima:
1195 1881 1297 1926 aurea
1320 1861 1421 1944 igitur
1445 1861 1497 1926 vel

318 1986 485 2047 purpurea
510 2003 551 2011 —
576 1965 663 2030 idem
687 1965 784 2031 valet.
814 1964 880 2032 Sed
904 1988 1102 2049 purpuream
1120 1988 1191 2032 eam
1216 1989 1287 2032 esse
1310 1968 1434 2045 maluit,
1459 1974 1499 2032 ut

320 2071 493 2155 explicatio
527 2093 600 2136 cum
624 2074 752 2137 ratione
775 2073 879 2157 magis
909 2073 1158 2159 congrueretffl)
1203 2073 1321 2156 Neque
1345 2096 1409 2139 uno
1434 2075 1498 2139 hoc

318 2177 391 2243 loco
416 2178 546 2267 velleris
569 2180 726 2262 purpurei
749 2180 938 2245 memoriam
962 2180 1117 2245 traditam
1140 2178 1328 2266 repperi.⁹⁵)

410 2284 492 2350 Oum
529 2307 657 2369 semper
692 2285 735 2349 ad
769 2287 977 2370 genealogias
1011 2288 1120 2369 potius
1155 2309 1254 2370 quam
1290 2287 1332 2351 ad
1367 2287 1499 2354 fabulas

319 2393 449 2475 copiose
484 2400 635 2457 narratas
671 2393 812 2458 frustula
842 2394 1016 2458 referenda
1052 2394 1126 2476 siut,
1162 2394 1291 2460 Iasonis
1322 2397 1494 2478 stemmati,

318 2499 407 2581 genti
430 2499 529 2581 igitur
553 2499 650 2563 alicui
675 2499 874 2586 Thessalico,
904 2499 1121 2584 fragmentum
1143 2501 1343 2567 immisceam
1375 2503 1427 2582 (of.
1453 2502 1496 2568 ad

318 2606 378 2690 frg.
404 2607 472 2692 31).

407 2787 507 2871 urg.
531 2787 590 2861 aa
615 2785 687 2872 (ιι)
762 2786 908 2867 ουσιαι.
934 2787 993 2850 ιιι
1013 2787 1078 2851 ao.-

407 2943 599 3032 κατεβρώθη
622 2937 688 3010 διεδ
711 2953 775 3010 τῶν
792 2944 881 3011 ἰδίων
904 2953 1005 3010 κυνῶν
1029 2946 1111 3029 (scil.
1129 2937 1315 3030 Ἀκταίων).
1340 2946 1394 3011 καὶ
1418 2954 1496 3010 τοῦ·

317 3050 579 3138 contrairemus
609 3051 665 3118 τὸν
687 3047 818 3138 τρόπον,
851 3045 894 3129 ὡς
916 3052 975 3135 μὲν
1000 3043 1244 3128 Ἀκουσίλαος
1274 3052 1369 3137 λέγει,
1400 3058 1495 3140 μηνί·

318 3179 433 3236 σαντος
460 3166 517 3224 τοῦ
542 3157 625 3235 Διὸς
647 3153 698 3224 ὅτι
721 3153 957 3246 ἐμνηστεύσατο
979 3158 1127 3246 Σεμέλην,
1159 3151 1203 3235 dg
1226 3157 1258 3226 δέ
1284 3158 1314 3224 οἱ
1338 3161 1494 3244 πλείονες,

318 3261 369 3332 ὅτι
392 3265 448 3354 την
465 3260 625 3351 ’Ἄρτεμιν
648 3265 819 3353 λουομένην
842 3263 916 3336 εἶδε.

406 3428 431 3482 2.
453 3429 501 3480 καὶ
522 3458 549 3464 -
570 3430 676 3498 τρόπον
695 3431 884 3480 del.He1·che1·
903 3431 1010 3493 virgula
1029 3435 1092 3492 post
1112 3434 1208 3480 κυνῶν
1227 3431 1326 3492 posita,
1348 3431 1438 3478 Herm.
1459 3431 1495 3478 XI

451 3534 476 3582 p.
497 3517 558 3571 234.

451 3609 514 3677 μέν]
535 3607 573 3657 ab
592 3609 637 3657 Hr.
658 3609 714 3677 μὲν
732 3609 785 3658 οὖν
804 3609 851 3660 ES.

405 3751 597 3815 Acusilaum
616 3773 722 3816 causae
740 3751 876 3816 alicuius
893 3757 1009 3815 testem
1030 3750 1183 3815 advocari
1200 3772 1265 3814 non
1282 3751 1347 3814 iam
1361 3749 1495 3813 mirabi-

316 3881 402 3923 mur:
440 3859 667 3942 discrepantiae
691 3859 834 3923 auctoris
859 3880 931 3922 cum
955 3857 1103 3922 Hesiodo
1129 3856 1180 3922 vel
1203 3856 1275 3920 aliis
1299 3856 1493 3940 plerumque

314 3968 349 4029 in
373 3967 479 4030 causis
511 3965 686 4030 afferendis
717 3966 833 4049 positae
863 3972 947 4031 suut.
994 3964 1144 4029 Acusilai
1175 3965 1398 4028 narrationem
1428 3964 1493 4027 iam

403 4179 440 4242 94)
460 4184 556 4245 Neque
576 4188 649 4233 certe.
669 4184 825 4233 offendebat
844 4183 965 4232 Acusilai
985 4183 1087 4245 opinio,
1109 4181 1141 4232 cs.
1163 4183 1241 4235 Hom.
1269 4179 1292 4231 A
1312 4179 1372 4232 482.
1394 4184 1411 4242 β
1429 4177 1492 4231 428.

315 4291 332 4322 ν
350 4269 393 4324 85.
417 4269 441 4322 Φ
459 4270 520 4323 326.
540 4269 559 4322 λ
580 4271 639 4326 243.
659 4271 692 4323 Π
708 4271 768 4325 391.

403 4359 437 4430 95)
456 4362 536 4412 Anth.
557 4362 599 4411 Gr.
620 4362 663 4423 15,
684 4362 717 4416 25
738 4364 819 4411 Iason
839 4363 994 4424 appellatur
1013 4361 1076 4430 φὼρ
1096 4361 1262 4430 πορφυρέου
1282 4363 1373 4428 κριοῦ.
