<?xml version="1.0" encoding="UTF-8"?>
<!DOCTYPE html PUBLIC "-//W3C//DTD XHTML 1.0 Transitional//EN"
    "http://www.w3.org/TR/xhtml1/DTD/xhtml1-transitional.dtd">
<html xmlns="http://www.w3.org/1999/xhtml" xml:lang="en" lang="en">
 <head>
  <title>
</title>
<meta http-equiv="Content-Type" content="text/html;charset=utf-8" />
  <meta name='ocr-system' content='tesseract 3.04.00' />
  <meta name='ocr-capabilities' content='ocr_page ocr_carea ocr_par ocr_line ocrx_word'/>
</head>
<body>
  <div class='ocr_page' id='page_1' title='image "./deaeusilao00kordgoog_0057.png"; bbox 0 0 3376 5178; ppageno 0'>
   <div class='ocr_carea' id='block_1_1' title="bbox 805 419 1024 482">
    <p class='ocr_par' dir='ltr' id='par_1_1' title="bbox 805 419 1024 482">
     <span class='ocr_line' id='line_1_1' title="bbox 805 419 1024 482; baseline 0 -18"><span class='ocrx_word' id='word_1_1' title='bbox 805 419 1024 482; x_wconf 72' lang='lat'>...52-</span> 
     </span>
    </p>
   </div>
   <div class='ocr_carea' id='block_1_2' title="bbox 328 611 1508 3694">
    <p class='ocr_par' dir='ltr' id='par_1_2' title="bbox 328 611 1505 2194">
     <span class='ocr_line' id='line_1_2' title="bbox 328 611 1504 696; baseline 0.002 -20"><span class='ocrx_word' id='word_1_2' title='bbox 328 621 494 677; x_wconf 87' lang='lat' dir='ltr'>auctorem</span> <span class='ocrx_word' id='word_1_3' title='bbox 512 611 648 676; x_wconf 88' lang='lat' dir='ltr'>eundem</span> <span class='ocrx_word' id='word_1_4' title='bbox 667 611 708 676; x_wconf 89' lang='lat' dir='ltr'>ab</span> <span class='ocrx_word' id='word_1_5' title='bbox 726 612 877 678; x_wconf 90' lang='lat' dir='ltr'>omnibus</span> <span class='ocrx_word' id='word_1_6' title='bbox 890 613 1088 695; x_wconf 87' lang='lat' dir='ltr'>exscriptum</span> <span class='ocrx_word' id='word_1_7' title='bbox 1105 611 1238 696; x_wconf 88' lang='lat' dir='ltr'>referes,</span> <span class='ocrx_word' id='word_1_8' title='bbox 1256 613 1313 677; x_wconf 89' lang='lat' dir='ltr'>sed</span> <span class='ocrx_word' id='word_1_9' title='bbox 1330 634 1370 676; x_wconf 85' lang='lat' dir='ltr'>ex</span> <span class='ocrx_word' id='word_1_10' title='bbox 1386 618 1504 678; x_wconf 83' lang='lat' dir='ltr'>natura</span> 
     </span>
     <span class='ocr_line' id='line_1_3' title="bbox 329 717 1503 802; baseline 0.001 -18"><span class='ocrx_word' id='word_1_11' title='bbox 329 720 492 785; x_wconf 83' lang='lat' dir='ltr'>derivabis</span> <span class='ocrx_word' id='word_1_12' title='bbox 509 718 807 802; x_wconf 84' lang='lat' dir='ltr'>compendiorum.“</span> <span class='ocrx_word' id='word_1_13' title='bbox 833 718 971 783; x_wconf 88' lang='lat' dir='ltr'>Iamiam</span> <span class='ocrx_word' id='word_1_14' title='bbox 988 740 1060 782; x_wconf 91' lang='lat' dir='ltr'>oum</span> <span class='ocrx_word' id='word_1_15' title='bbox 1083 726 1197 784; x_wconf 90' lang='lat' dir='ltr'>nostro</span> <span class='ocrx_word' id='word_1_16' title='bbox 1214 717 1337 784; x_wconf 85' lang='lat' dir='ltr'>scholio</span> <span class='ocrx_word' id='word_1_17' title='bbox 1355 720 1503 785; x_wconf 86' lang='lat' dir='ltr'>conferas</span> 
     </span>
     <span class='ocr_line' id='line_1_4' title="bbox 329 819 1504 913; baseline 0.001 -22"><span class='ocrx_word' id='word_1_18' title='bbox 329 827 483 911; x_wconf 89' lang='lat' dir='ltr'>Apollod.</span> <span class='ocrx_word' id='word_1_19' title='bbox 517 848 566 909; x_wconf 90' lang='lat' dir='ltr'>ep.</span> <span class='ocrx_word' id='word_1_20' title='bbox 599 829 629 907; x_wconf 87' lang='lat'>5,</span> <span class='ocrx_word' id='word_1_21' title='bbox 664 829 720 890; x_wconf 84' lang='lat'>12:</span> <span class='ocrx_word' id='word_1_22' title='bbox 752 819 940 913; x_wconf 82' lang='grc' dir='ltr'><strong><em>α’φικνεῑται</em></strong></span> <span class='ocrx_word' id='word_1_23' title='bbox 970 825 1004 890; x_wconf 79' lang='grc' dir='ltr'>δὲ</span> <span class='ocrx_word' id='word_1_24' title='bbox 1035 819 1167 911; x_wconf 64' lang='grc' dir='ltr'><strong><em>ὕστερον</em></strong></span> <span class='ocrx_word' id='word_1_25' title='bbox 1200 827 1307 911; x_wconf 88' lang='grc' dir='ltr'><strong><em>Τρωσὶ</em></strong></span> <span class='ocrx_word' id='word_1_26' title='bbox 1338 825 1504 909; x_wconf 77' lang='grc' dir='ltr'><strong><em>σύμμαχος</em></strong></span> 
     </span>
     <span class='ocr_line' id='line_1_5' title="bbox 331 926 1504 1021; baseline 0 -22"><span class='ocrx_word' id='word_1_27' title='bbox 331 927 518 1020; x_wconf 68' lang='grc' dir='ltr'><strong><em>Εὐρύπυλος</em></strong></span> <span class='ocrx_word' id='word_1_28' title='bbox 540 926 558 998; x_wconf 80' lang='lat' dir='ltr'>d</span> <span class='ocrx_word' id='word_1_29' title='bbox 580 933 723 1021; x_wconf 72' lang='grc' dir='ltr'><strong><em>Τηλέφου</em></strong></span> <span class='ocrx_word' id='word_1_30' title='bbox 747 931 869 1020; x_wconf 71' lang='grc' dir='ltr'><strong><em>πολλὴν</em></strong></span> <span class='ocrx_word' id='word_1_31' title='bbox 885 941 1004 998; x_wconf 84' lang='grc' dir='ltr'><strong><em>Μυσῶν</em></strong></span> <span class='ocrx_word' id='word_1_32' title='bbox 1027 932 1160 1016; x_wconf 77' lang='grc' dir='ltr'><strong><em>δύναμιν</em></strong></span> <span class='ocrx_word' id='word_1_33' title='bbox 1176 927 1272 1018; x_wconf 71' lang='lat' dir='ltr'>dyeia</span> <span class='ocrx_word' id='word_1_34' title='bbox 1297 942 1412 999; x_wconf 83' lang='grc' dir='ltr'><strong><em>τοῦτον</em></strong></span> <span class='ocrx_word' id='word_1_35' title='bbox 1434 931 1504 1019; x_wconf 78' lang='grc' dir='ltr'><strong><em>αἷρι-</em></strong></span> 
     </span>
     <span class='ocr_line' id='line_1_6' title="bbox 329 1031 1505 1124; baseline 0.002 -20"><span class='ocrx_word' id='word_1_36' title='bbox 329 1041 507 1108; x_wconf 81' lang='grc' dir='ltr'><strong><em>οτεύσαντα</em></strong></span> <span class='ocrx_word' id='word_1_37' title='bbox 524 1037 751 1122; x_wconf 77' lang='grc' dir='ltr'><strong><em>Νεοπτόλεμος</em></strong></span> <span class='ocrx_word' id='word_1_38' title='bbox 774 1031 970 1106; x_wconf 76' lang='grc' dir='ltr'><strong><em>οῗπέκτεινεν.</em></strong></span> <span class='ocrx_word' id='word_1_39' title='bbox 995 1041 1046 1106; x_wconf 90' lang='lat' dir='ltr'>Id.</span> <span class='ocrx_word' id='word_1_40' title='bbox 1064 1063 1115 1124; x_wconf 87' lang='lat' dir='ltr'>cp.</span> <span class='ocrx_word' id='word_1_41' title='bbox 1133 1045 1162 1122; x_wconf 91' lang='lat'>3,</span> <span class='ocrx_word' id='word_1_42' title='bbox 1191 1045 1246 1106; x_wconf 78' lang='lat'>17:</span> <span class='ocrx_word' id='word_1_43' title='bbox 1261 1092 1267 1107; x_wconf 89' lang='lat'>.</span> <span class='ocrx_word' id='word_1_44' title='bbox 1285 1092 1291 1104; x_wconf 95' lang='lat'>.</span> <span class='ocrx_word' id='word_1_45' title='bbox 1308 1041 1505 1124; x_wconf 79' lang='grc' dir='ltr'><strong><em>,βασιλεύων</em></strong></span> 
     </span>
     <span class='ocr_line' id='line_1_7' title="bbox 330 1140 1502 1236; baseline 0.002 -24"><span class='ocrx_word' id='word_1_46' title='bbox 330 1151 362 1214; x_wconf 76' lang='grc' dir='ltr'>δὲ</span> <span class='ocrx_word' id='word_1_47' title='bbox 389 1149 532 1236; x_wconf 61' lang='grc' dir='ltr'><strong><em>Τήλεφος</em></strong></span> <span class='ocrx_word' id='word_1_48' title='bbox 555 1155 684 1225; x_wconf 82' lang='grc' dir='ltr'><strong><em>Μυσιῦν,</em></strong></span> <span class='ocrx_word' id='word_1_49' title='bbox 707 1140 893 1233; x_wconf 78' lang='grc' dir='ltr'><strong><em>Ἡρακλέους</em></strong></span> <span class='ocrx_word' id='word_1_50' title='bbox 916 1159 994 1224; x_wconf 62' lang='grc' dir='ltr'><strong><em>παῖς</em></strong></span> <span class='ocrx_word' id='word_1_51' title='bbox 1018 1147 1072 1230; x_wconf 86' lang='lat' dir='ltr'>(cf.</span> <span class='ocrx_word' id='word_1_52' title='bbox 1089 1148 1187 1212; x_wconf 88' lang='lat' dir='ltr'><strong>Diod.</strong></span> <span class='ocrx_word' id='word_1_53' title='bbox 1209 1148 1261 1216; x_wconf 89' lang='lat' dir='ltr'>IV</span> <span class='ocrx_word' id='word_1_54' title='bbox 1279 1151 1331 1233; x_wconf 78' lang='lat'>33,</span> <span class='ocrx_word' id='word_1_55' title='bbox 1356 1148 1502 1230; x_wconf 81' lang='lat' dir='ltr'>9ss.¹¹³).</span> 
     </span>
     <span class='ocr_line' id='line_1_8' title="bbox 329 1246 1503 1342; baseline -0.002 -20"><span class='ocrx_word' id='word_1_56' title='bbox 329 1258 381 1325; x_wconf 89' lang='lat' dir='ltr'>Id.</span> <span class='ocrx_word' id='word_1_57' title='bbox 394 1257 471 1324; x_wconf 88' lang='lat' dir='ltr'>bibl.</span> <span class='ocrx_word' id='word_1_58' title='bbox 485 1257 543 1321; x_wconf 89' lang='lat' dir='ltr'>III</span> <span class='ocrx_word' id='word_1_59' title='bbox 559 1259 620 1320; x_wconf 87' lang='lat'>104</span> <span class='ocrx_word' id='word_1_60' title='bbox 635 1307 641 1318; x_wconf 92' lang='lat'>.</span> <span class='ocrx_word' id='word_1_61' title='bbox 657 1307 663 1319; x_wconf 96' lang='lat'>.</span> <span class='ocrx_word' id='word_1_62' title='bbox 678 1305 684 1317; x_wconf 92' lang='lat'>.</span> <span class='ocrx_word' id='word_1_63' title='bbox 699 1255 754 1318; x_wconf 80' lang='grc' dir='ltr'>καὶ</span> <span class='ocrx_word' id='word_1_64' title='bbox 766 1255 976 1332; x_wconf 79' lang='grc' dir='ltr'><strong><em>τελευτῶντος</em></strong></span> <span class='ocrx_word' id='word_1_65' title='bbox 988 1246 1088 1319; x_wconf 73' lang='grc' dir='ltr'><strong><em>αὐτοῦ</em></strong></span> <span class='ocrx_word' id='word_1_66' title='bbox 1099 1255 1182 1341; x_wconf 86' lang='lat' dir='ltr'>(scil.</span> <span class='ocrx_word' id='word_1_67' title='bbox 1200 1253 1416 1342; x_wconf 68' lang='grc' dir='ltr'><strong><em>Τεύθραντος)</em></strong></span> <span class='ocrx_word' id='word_1_68' title='bbox 1434 1255 1503 1320; x_wconf 79' lang='grc' dir='ltr'><strong><em>διά-</em></strong></span> 
     </span>
     <span class='ocr_line' id='line_1_9' title="bbox 331 1359 1503 1450; baseline 0.002 -24"><span class='ocrx_word' id='word_1_69' title='bbox 331 1369 424 1444; x_wconf 77' lang='grc' dir='ltr'><strong><em>δοχος</em></strong></span> <span class='ocrx_word' id='word_1_70' title='bbox 461 1372 517 1448; x_wconf 65' lang='grc' dir='ltr'><strong><em>τῆς</em></strong></span> <span class='ocrx_word' id='word_1_71' title='bbox 556 1363 739 1438; x_wconf 77' lang='grc' dir='ltr'><strong><em>δυναστείας</em></strong></span> <span class='ocrx_word' id='word_1_72' title='bbox 769 1365 891 1445; x_wconf 80' lang='grc' dir='ltr'><strong><em>γίνεται</em></strong></span> <span class='ocrx_word' id='word_1_73' title='bbox 923 1363 1004 1443; x_wconf 84' lang='lat' dir='ltr'>(scil.</span> <span class='ocrx_word' id='word_1_74' title='bbox 1044 1359 1208 1450; x_wconf 65' lang='grc' dir='ltr'><strong><em>Ίίλεφος).</em></strong></span> <span class='ocrx_word' id='word_1_75' title='bbox 1255 1363 1360 1430; x_wconf 91' lang='lat' dir='ltr'>Vides</span> <span class='ocrx_word' id='word_1_76' title='bbox 1395 1365 1503 1448; x_wconf 85' lang='lat' dir='ltr'>igitur,</span> 
     </span>
     <span class='ocr_line' id='line_1_10' title="bbox 329 1469 1504 1553; baseline 0.001 -19"><span class='ocrx_word' id='word_1_77' title='bbox 329 1471 390 1535; x_wconf 89' lang='lat' dir='ltr'>hos</span> <span class='ocrx_word' id='word_1_78' title='bbox 413 1471 500 1534; x_wconf 90' lang='lat' dir='ltr'>inter</span> <span class='ocrx_word' id='word_1_79' title='bbox 522 1469 717 1553; x_wconf 86' lang='lat' dir='ltr'>Apollodori</span> <span class='ocrx_word' id='word_1_80' title='bbox 747 1470 836 1534; x_wconf 92' lang='lat' dir='ltr'>locos</span> <span class='ocrx_word' id='word_1_81' title='bbox 861 1477 894 1534; x_wconf 86' lang='lat' dir='ltr'>et</span> <span class='ocrx_word' id='word_1_82' title='bbox 918 1469 1075 1534; x_wconf 91' lang='lat' dir='ltr'>scholium</span> <span class='ocrx_word' id='word_1_83' title='bbox 1099 1469 1372 1534; x_wconf 82' lang='lat' dir='ltr'>necessitudinem</span> <span class='ocrx_word' id='word_1_84' title='bbox 1405 1492 1504 1553; x_wconf 90' lang='lat' dir='ltr'>quau·</span> 
     </span>
     <span class='ocr_line' id='line_1_11' title="bbox 331 1573 1504 1660; baseline -0.001 -18"><span class='ocrx_word' id='word_1_85' title='bbox 331 1579 406 1643; x_wconf 87' lang='lat' dir='ltr'>dam</span> <span class='ocrx_word' id='word_1_86' title='bbox 430 1584 463 1641; x_wconf 91' lang='lat' dir='ltr'>et</span> <span class='ocrx_word' id='word_1_87' title='bbox 486 1599 558 1643; x_wconf 88' lang='lat' dir='ltr'>eam</span> <span class='ocrx_word' id='word_1_88' title='bbox 581 1599 646 1641; x_wconf 92' lang='lat' dir='ltr'>non</span> <span class='ocrx_word' id='word_1_89' title='bbox 670 1599 802 1659; x_wconf 86' lang='lat' dir='ltr'>parvam</span> <span class='ocrx_word' id='word_1_90' title='bbox 820 1577 1034 1641; x_wconf 83' lang='lat' dir='ltr'>intercedere.</span> <span class='ocrx_word' id='word_1_91' title='bbox 1063 1573 1113 1640; x_wconf 85' lang='lat' dir='ltr'>At</span> <span class='ocrx_word' id='word_1_92' title='bbox 1127 1599 1168 1640; x_wconf 90' lang='lat' dir='ltr'>ne</span> <span class='ocrx_word' id='word_1_93' title='bbox 1185 1577 1357 1658; x_wconf 86' lang='lat' dir='ltr'>vestigium</span> <span class='ocrx_word' id='word_1_94' title='bbox 1374 1577 1504 1660; x_wconf 89' lang='lat' dir='ltr'>quidem</span> 
     </span>
     <span class='ocr_line' id='line_1_12' title="bbox 331 1684 1504 1768; baseline -0.002 -19"><span class='ocrx_word' id='word_1_95' title='bbox 331 1684 576 1749; x_wconf 87' lang='lat' dir='ltr'>historiunculae</span> <span class='ocrx_word' id='word_1_96' title='bbox 605 1705 701 1768; x_wconf 91' lang='lat' dir='ltr'>quam</span> <span class='ocrx_word' id='word_1_97' title='bbox 727 1706 826 1767; x_wconf 90' lang='lat' dir='ltr'>supra</span> <span class='ocrx_word' id='word_1_98' title='bbox 857 1685 993 1767; x_wconf 86' lang='lat' dir='ltr'>exposui</span> <span class='ocrx_word' id='word_1_99' title='bbox 1023 1684 1197 1748; x_wconf 89' lang='lat' dir='ltr'>invenitur.</span> <span class='ocrx_word' id='word_1_100' title='bbox 1243 1684 1285 1748; x_wconf 89' lang='lat' dir='ltr'>In</span> <span class='ocrx_word' id='word_1_101' title='bbox 1309 1685 1504 1749; x_wconf 90' lang='lat' dir='ltr'>contrariam</span> 
     </span>
     <span class='ocr_line' id='line_1_13' title="bbox 331 1789 1504 1875; baseline 0 -20"><span class='ocrx_word' id='word_1_102' title='bbox 331 1797 458 1875; x_wconf 85' lang='lat' dir='ltr'>partem</span> <span class='ocrx_word' id='word_1_103' title='bbox 482 1790 582 1856; x_wconf 91' lang='lat' dir='ltr'>schol.</span> <span class='ocrx_word' id='word_1_104' title='bbox 604 1791 698 1856; x_wconf 80' lang='lat' dir='ltr'>t521</span> <span class='ocrx_word' id='word_1_105' title='bbox 727 1789 844 1855; x_wconf 88' lang='lat' dir='ltr'>afferre</span> <span class='ocrx_word' id='word_1_106' title='bbox 868 1790 1008 1855; x_wconf 85' lang='lat' dir='ltr'>fortasse</span> <span class='ocrx_word' id='word_1_107' title='bbox 1032 1790 1118 1872; x_wconf 90' lang='lat' dir='ltr'>licet,</span> <span class='ocrx_word' id='word_1_108' title='bbox 1144 1811 1207 1874; x_wconf 93' lang='lat' dir='ltr'>quo</span> <span class='ocrx_word' id='word_1_109' title='bbox 1231 1791 1395 1855; x_wconf 86' lang='lat' dir='ltr'>nonnullae</span> <span class='ocrx_word' id='word_1_110' title='bbox 1418 1791 1504 1855; x_wconf 89' lang='lat' dir='ltr'>illius</span> 
     </span>
     <span class='ocr_line' id='line_1_14' title="bbox 331 1897 1505 1981; baseline -0.001 -20"><span class='ocrx_word' id='word_1_111' title='bbox 331 1897 450 1964; x_wconf 85' lang='lat' dir='ltr'>fabulae</span> <span class='ocrx_word' id='word_1_112' title='bbox 481 1897 594 1962; x_wconf 85' lang='lat' dir='ltr'>formae</span> <span class='ocrx_word' id='word_1_113' title='bbox 625 1905 862 1981; x_wconf 89' lang='lat' dir='ltr'>proponuntur,</span> <span class='ocrx_word' id='word_1_114' title='bbox 899 1897 956 1961; x_wconf 86' lang='lat' dir='ltr'>sed</span> <span class='ocrx_word' id='word_1_115' title='bbox 989 1919 1029 1962; x_wconf 91' lang='lat' dir='ltr'>ne</span> <span class='ocrx_word' id='word_1_116' title='bbox 1058 1897 1191 1962; x_wconf 87' lang='lat' dir='ltr'>verbum</span> <span class='ocrx_word' id='word_1_117' title='bbox 1221 1897 1353 1980; x_wconf 91' lang='lat' dir='ltr'>quidem</span> <span class='ocrx_word' id='word_1_118' title='bbox 1387 1897 1505 1980; x_wconf 86' lang='lat' dir='ltr'>legitur</span> 
     </span>
     <span class='ocr_line' id='line_1_15' title="bbox 332 2002 1504 2090; baseline -0.002 -20"><span class='ocrx_word' id='word_1_119' title='bbox 332 2005 539 2090; x_wconf 85' lang='lat' dir='ltr'>genealogiae.</span> <span class='ocrx_word' id='word_1_120' title='bbox 587 2002 697 2087; x_wconf 79' lang='lat' dir='ltr'>Quare</span> <span class='ocrx_word' id='word_1_121' title='bbox 732 2005 799 2069; x_wconf 87' lang='lat' dir='ltr'>veri</span> <span class='ocrx_word' id='word_1_122' title='bbox 832 2011 882 2069; x_wconf 90' lang='lat' dir='ltr'>est</span> <span class='ocrx_word' id='word_1_123' title='bbox 912 2004 1119 2086; x_wconf 90' lang='lat' dir='ltr'>simillimum,</span> <span class='ocrx_word' id='word_1_124' title='bbox 1153 2005 1187 2069; x_wconf 90' lang='lat' dir='ltr'>in</span> <span class='ocrx_word' id='word_1_125' title='bbox 1222 2005 1414 2087; x_wconf 89' lang='lat' dir='ltr'>compendio</span> <span class='ocrx_word' id='word_1_126' title='bbox 1450 2005 1504 2069; x_wconf 94' lang='lat' dir='ltr'>illo</span> 
     </span>
     <span class='ocr_line' id='line_1_16' title="bbox 333 2110 1143 2194; baseline -0.001 -18"><span class='ocrx_word' id='word_1_127' title='bbox 333 2111 446 2177; x_wconf 90' lang='lat' dir='ltr'>scholii</span> <span class='ocrx_word' id='word_1_128' title='bbox 469 2117 580 2194; x_wconf 87' lang='lat' dir='ltr'>partes</span> <span class='ocrx_word' id='word_1_129' title='bbox 602 2111 747 2176; x_wconf 90' lang='lat' dir='ltr'>nondum</span> <span class='ocrx_word' id='word_1_130' title='bbox 770 2110 870 2176; x_wconf 85' lang='lat' dir='ltr'>fuisse</span> <span class='ocrx_word' id='word_1_131' title='bbox 894 2111 1143 2194; x_wconf 86' lang='lat' dir='ltr'>conglutinatas.</span> 
     </span>
    </p>

    <p class='ocr_par' dir='ltr' id='par_1_3' title="bbox 332 2216 1507 3476">
     <span class='ocr_line' id='line_1_17' title="bbox 422 2216 1505 2302; baseline 0.001 -20"><span class='ocrx_word' id='word_1_132' title='bbox 422 2216 549 2301; x_wconf 81' lang='lat' dir='ltr'>Quibus</span> <span class='ocrx_word' id='word_1_133' title='bbox 565 2218 735 2301; x_wconf 88' lang='lat' dir='ltr'>perpensis</span> <span class='ocrx_word' id='word_1_134' title='bbox 751 2217 829 2300; x_wconf 91' lang='lat' dir='ltr'>quid</span> <span class='ocrx_word' id='word_1_135' title='bbox 846 2219 947 2282; x_wconf 89' lang='lat' dir='ltr'>ceteri</span> <span class='ocrx_word' id='word_1_136' title='bbox 969 2216 1083 2282; x_wconf 90' lang='lat' dir='ltr'>scholii</span> <span class='ocrx_word' id='word_1_137' title='bbox 1099 2217 1258 2283; x_wconf 87' lang='lat' dir='ltr'>Acusilao</span> <span class='ocrx_word' id='word_1_138' title='bbox 1275 2218 1505 2302; x_wconf 87' lang='lat' dir='ltr'>assignandum</span> 
     </span>
     <span class='ocr_line' id='line_1_18' title="bbox 332 2323 1505 2409; baseline 0 -19"><span class='ocrx_word' id='word_1_139' title='bbox 332 2327 375 2390; x_wconf 93' lang='lat' dir='ltr'>sit</span> <span class='ocrx_word' id='word_1_140' title='bbox 398 2325 613 2390; x_wconf 80' lang='lat' dir='ltr'>enucleemus</span> <span class='ocrx_word' id='word_1_141' title='bbox 660 2324 701 2388; x_wconf 89' lang='lat' dir='ltr'>In</span> <span class='ocrx_word' id='word_1_142' title='bbox 726 2325 883 2390; x_wconf 90' lang='lat' dir='ltr'>eiusmodi</span> <span class='ocrx_word' id='word_1_143' title='bbox 908 2324 1038 2390; x_wconf 83' lang='lat' dir='ltr'>scholiis</span> <span class='ocrx_word' id='word_1_144' title='bbox 1062 2323 1253 2407; x_wconf 86' lang='lat' dir='ltr'>genealogia</span> <span class='ocrx_word' id='word_1_145' title='bbox 1275 2326 1385 2407; x_wconf 87' lang='lat' dir='ltr'>potius</span> <span class='ocrx_word' id='word_1_146' title='bbox 1409 2348 1505 2409; x_wconf 89' lang='lat' dir='ltr'>quam</span> 
     </span>
     <span class='ocr_line' id='line_1_19' title="bbox 333 2430 1506 2514; baseline 0 -18"><span class='ocrx_word' id='word_1_147' title='bbox 333 2432 398 2497; x_wconf 91' lang='lat' dir='ltr'>alia</span> <span class='ocrx_word' id='word_1_148' title='bbox 420 2437 569 2496; x_wconf 87' lang='lat' dir='ltr'>nostrum</span> <span class='ocrx_word' id='word_1_149' title='bbox 591 2432 734 2514; x_wconf 87' lang='lat' dir='ltr'>respicit,</span> <span class='ocrx_word' id='word_1_150' title='bbox 766 2432 886 2514; x_wconf 92' lang='lat' dir='ltr'>quippe</span> <span class='ocrx_word' id='word_1_151' title='bbox 911 2433 967 2514; x_wconf 92' lang='lat' dir='ltr'>qui</span> <span class='ocrx_word' id='word_1_152' title='bbox 993 2430 1254 2514; x_wconf 83' lang='lat' dir='ltr'>,Genealogias“</span> <span class='ocrx_word' id='word_1_153' title='bbox 1288 2433 1506 2514; x_wconf 86' lang='lat' dir='ltr'>composuerit</span> 
     </span>
     <span class='ocr_line' id='line_1_20' title="bbox 333 2538 1505 2622; baseline -0.001 -17"><span class='ocrx_word' id='word_1_154' title='bbox 333 2547 367 2605; x_wconf 89' lang='lat' dir='ltr'>et</span> <span class='ocrx_word' id='word_1_155' title='bbox 377 2540 569 2621; x_wconf 91' lang='lat' dir='ltr'>plerumque</span> <span class='ocrx_word' id='word_1_156' title='bbox 581 2538 845 2622; x_wconf 82' lang='lat' dir='ltr'>genealogiarum</span> <span class='ocrx_word' id='word_1_157' title='bbox 857 2539 952 2604; x_wconf 87' lang='lat' dir='ltr'>testis</span> <span class='ocrx_word' id='word_1_158' title='bbox 964 2538 1126 2603; x_wconf 88' lang='lat' dir='ltr'>laudetur.</span> <span class='ocrx_word' id='word_1_159' title='bbox 1153 2538 1271 2621; x_wconf 88' lang='lat' dir='ltr'>Itaque</span> <span class='ocrx_word' id='word_1_160' title='bbox 1285 2538 1346 2604; x_wconf 90' lang='lat' dir='ltr'>hoc</span> <span class='ocrx_word' id='word_1_161' title='bbox 1371 2544 1505 2604; x_wconf 87' lang='lat' dir='ltr'>stemma</span> 
     </span>
     <span class='ocr_line' id='line_1_21' title="bbox 333 2643 1506 2728; baseline 0 -18"><span class='ocrx_word' id='word_1_162' title='bbox 333 2646 376 2711; x_wconf 88' lang='lat' dir='ltr'>ad</span> <span class='ocrx_word' id='word_1_163' title='bbox 401 2643 594 2711; x_wconf 82' lang='lat' dir='ltr'>Acusilaum</span> <span class='ocrx_word' id='word_1_164' title='bbox 624 2644 774 2724; x_wconf 83' lang='lat' dir='ltr'>referam,</span> <span class='ocrx_word' id='word_1_165' title='bbox 807 2646 955 2728; x_wconf 87' lang='lat' dir='ltr'>quamvis</span> <span class='ocrx_word' id='word_1_166' title='bbox 985 2647 1050 2710; x_wconf 89' lang='lat' dir='ltr'>iam</span> <span class='ocrx_word' id='word_1_167' title='bbox 1080 2645 1189 2710; x_wconf 88' lang='lat' dir='ltr'>Parva</span> <span class='ocrx_word' id='word_1_168' title='bbox 1219 2645 1299 2710; x_wconf 89' lang='lat' dir='ltr'>Ilias</span> <span class='ocrx_word' id='word_1_169' title='bbox 1330 2645 1364 2708; x_wconf 94' lang='lat' dir='ltr'>id</span> <span class='ocrx_word' id='word_1_170' title='bbox 1394 2653 1506 2710; x_wconf 90' lang='lat' dir='ltr'>notum</span> 
     </span>
     <span class='ocr_line' id='line_1_22' title="bbox 333 2743 1506 2839; baseline -0.002 -21"><span class='ocrx_word' id='word_1_171' title='bbox 333 2751 554 2832; x_wconf 85' lang='lat' dir='ltr'>habuerit.¹¹⁴)</span> <span class='ocrx_word' id='word_1_172' title='bbox 588 2751 677 2816; x_wconf 91' lang='lat' dir='ltr'>Illud</span> <span class='ocrx_word' id='word_1_173' title='bbox 702 2774 831 2836; x_wconf 88' lang='lat' dir='ltr'>quoque</span> <span class='ocrx_word' id='word_1_174' title='bbox 854 2750 959 2833; x_wconf 79' lang='grc' dir='ltr'><strong><em>λαχών</em></strong></span> <span class='ocrx_word' id='word_1_175' title='bbox 982 2750 1038 2839; x_wconf 80' lang='grc' dir='ltr'><strong><em>τὴν</em></strong></span> <span class='ocrx_word' id='word_1_176' title='bbox 1061 2751 1215 2838; x_wconf 72' lang='grc' dir='ltr'><strong><em>πατρῴαν</em></strong></span> <span class='ocrx_word' id='word_1_177' title='bbox 1238 2743 1335 2838; x_wconf 74' lang='grc' dir='ltr'><strong><em>οἷρχὴν</em></strong></span> <span class='ocrx_word' id='word_1_178' title='bbox 1358 2761 1414 2839; x_wconf 70' lang='grc' dir='ltr'><strong><em>τῆς</em></strong></span> <span class='ocrx_word' id='word_1_179' title='bbox 1438 2762 1506 2817; x_wconf 90' lang='grc' dir='ltr'>Μυ-</span> 
     </span>
     <span class='ocr_line' id='line_1_23' title="bbox 333 2858 1506 2944; baseline 0.001 -22"><span class='ocrx_word' id='word_1_180' title='bbox 333 2863 406 2936; x_wconf 82' lang='grc' dir='ltr'><strong><em>σίας</em></strong></span> <span class='ocrx_word' id='word_1_181' title='bbox 421 2859 600 2943; x_wconf 83' lang='grc' dir='ltr'><strong><em>προίστατο</em></strong></span> <span class='ocrx_word' id='word_1_182' title='bbox 615 2859 754 2923; x_wconf 89' lang='lat' dir='ltr'>maxime</span> <span class='ocrx_word' id='word_1_183' title='bbox 771 2858 963 2923; x_wconf 89' lang='lat' dir='ltr'>Acusilaum</span> <span class='ocrx_word' id='word_1_184' title='bbox 987 2858 1062 2944; x_wconf 85' lang='lat' dir='ltr'>olet,</span> <span class='ocrx_word' id='word_1_185' title='bbox 1088 2880 1183 2941; x_wconf 92' lang='lat' dir='ltr'>quem</span> <span class='ocrx_word' id='word_1_186' title='bbox 1203 2858 1411 2936; x_wconf 83' lang='lat' dir='ltr'>„historiam“</span> <span class='ocrx_word' id='word_1_187' title='bbox 1431 2860 1506 2923; x_wconf 92' lang='lat' dir='ltr'>scri-</span> 
     </span>
     <span class='ocr_line' id='line_1_24' title="bbox 333 2964 1506 3051; baseline -0.003 -19"><span class='ocrx_word' id='word_1_188' title='bbox 333 2969 411 3032; x_wconf 89' lang='lat' dir='ltr'>bere</span> <span class='ocrx_word' id='word_1_189' title='bbox 436 2967 576 3031; x_wconf 86' lang='lat' dir='ltr'>voluisse</span> <span class='ocrx_word' id='word_1_190' title='bbox 599 2971 632 3030; x_wconf 89' lang='lat' dir='ltr'>et</span> <span class='ocrx_word' id='word_1_191' title='bbox 656 2987 770 3051; x_wconf 90' lang='lat' dir='ltr'>regum</span> <span class='ocrx_word' id='word_1_192' title='bbox 793 2967 894 3031; x_wconf 91' lang='lat' dir='ltr'>series</span> <span class='ocrx_word' id='word_1_193' title='bbox 911 2967 1132 3048; x_wconf 88' lang='lat' dir='ltr'>composuisse</span> <span class='ocrx_word' id='word_1_194' title='bbox 1157 2987 1197 3030; x_wconf 85' lang='lat' dir='ltr'>ex</span> <span class='ocrx_word' id='word_1_195' title='bbox 1220 2966 1293 3031; x_wconf 90' lang='lat' dir='ltr'>aliis</span> <span class='ocrx_word' id='word_1_196' title='bbox 1317 2964 1506 3050; x_wconf 86' lang='lat' dir='ltr'>fragmentis</span> 
     </span>
     <span class='ocr_line' id='line_1_25' title="bbox 333 3072 1506 3158; baseline -0.003 -19"><span class='ocrx_word' id='word_1_197' title='bbox 333 3079 480 3158; x_wconf 88' lang='lat' dir='ltr'>apparot.</span> <span class='ocrx_word' id='word_1_198' title='bbox 527 3072 646 3138; x_wconf 86' lang='lat' dir='ltr'>Restat</span> <span class='ocrx_word' id='word_1_199' title='bbox 669 3072 818 3136; x_wconf 91' lang='lat' dir='ltr'>ultimum</span> <span class='ocrx_word' id='word_1_200' title='bbox 842 3073 1046 3136; x_wconf 87' lang='lat' dir='ltr'>enuntiatum</span> <span class='ocrx_word' id='word_1_201' title='bbox 1070 3094 1134 3155; x_wconf 87' lang='lat' dir='ltr'>quo</span> <span class='ocrx_word' id='word_1_202' title='bbox 1158 3072 1346 3156; x_wconf 78' lang='lat' dir='ltr'>Eurypylus</span> <span class='ocrx_word' id='word_1_203' title='bbox 1377 3094 1397 3136; x_wconf 90' lang='lat' dir='ltr'>a</span> <span class='ocrx_word' id='word_1_204' title='bbox 1421 3072 1453 3137; x_wconf 91' lang='lat' dir='ltr'>N</span> <span class='ocrx_word' id='word_1_205' title='bbox 1456 3094 1506 3136; x_wconf 93' lang='lat' dir='ltr'>eo-</span> 
     </span>
     <span class='ocr_line' id='line_1_26' title="bbox 334 3177 1506 3265; baseline -0.003 -19"><span class='ocrx_word' id='word_1_206' title='bbox 334 3180 476 3265; x_wconf 89' lang='lat' dir='ltr'>ptolemo</span> <span class='ocrx_word' id='word_1_207' title='bbox 500 3178 692 3244; x_wconf 86' lang='lat' dir='ltr'>interfectus</span> <span class='ocrx_word' id='word_1_208' title='bbox 717 3180 912 3244; x_wconf 88' lang='lat' dir='ltr'>continetur.</span> <span class='ocrx_word' id='word_1_209' title='bbox 950 3177 1058 3262; x_wconf 77' lang='lat' dir='ltr'>Quam</span> <span class='ocrx_word' id='word_1_210' title='bbox 1080 3185 1219 3244; x_wconf 89' lang='lat' dir='ltr'>mortem</span> <span class='ocrx_word' id='word_1_211' title='bbox 1243 3179 1506 3261; x_wconf 67' lang='lat' dir='ltr'>notissimamssl)</span> 
     </span>
     <span class='ocr_line' id='line_1_27' title="bbox 334 3285 1507 3354; baseline -0.001 -3"><span class='ocrx_word' id='word_1_212' title='bbox 334 3287 513 3353; x_wconf 90' lang='lat' dir='ltr'>certissime</span> <span class='ocrx_word' id='word_1_213' title='bbox 544 3292 660 3353; x_wconf 85' lang='lat' dir='ltr'>auctor</span> <span class='ocrx_word' id='word_1_214' title='bbox 694 3287 969 3354; x_wconf 85' lang='lat' dir='ltr'>commemoravit.</span> <span class='ocrx_word' id='word_1_215' title='bbox 1015 3285 1138 3351; x_wconf 87' lang='lat' dir='ltr'>Nostro</span> <span class='ocrx_word' id='word_1_216' title='bbox 1174 3307 1250 3350; x_wconf 89' lang='lat' dir='ltr'>vero</span> <span class='ocrx_word' id='word_1_217' title='bbox 1287 3285 1410 3350; x_wconf 86' lang='lat' dir='ltr'>scholio</span> <span class='ocrx_word' id='word_1_218' title='bbox 1446 3286 1507 3351; x_wconf 93' lang='lat' dir='ltr'>hoc</span> 
     </span>
     <span class='ocr_line' id='line_1_28' title="bbox 333 3392 1506 3476; baseline 0.002 -18"><span class='ocrx_word' id='word_1_219' title='bbox 333 3395 484 3460; x_wconf 80' lang='lat' dir='ltr'>facillime</span> <span class='ocrx_word' id='word_1_220' title='bbox 509 3393 654 3459; x_wconf 85' lang='lat' dir='ltr'>historiae</span> <span class='ocrx_word' id='word_1_221' title='bbox 682 3393 893 3458; x_wconf 86' lang='lat' dir='ltr'>conficiendae</span> <span class='ocrx_word' id='word_1_222' title='bbox 925 3415 1025 3458; x_wconf 84' lang='lat' dir='ltr'>causa</span> <span class='ocrx_word' id='word_1_223' title='bbox 1049 3392 1180 3456; x_wconf 88' lang='lat' dir='ltr'>aliunde</span> <span class='ocrx_word' id='word_1_224' title='bbox 1213 3393 1344 3457; x_wconf 89' lang='lat' dir='ltr'>annecti</span> <span class='ocrx_word' id='word_1_225' title='bbox 1366 3400 1506 3476; x_wconf 85' lang='lat' dir='ltr'>poterat.</span> 
     </span>
    </p>

    <p class='ocr_par' dir='ltr' id='par_1_4' title="bbox 333 3499 1508 3694">
     <span class='ocr_line' id='line_1_29' title="bbox 421 3499 1508 3587; baseline -0.003 -20"><span class='ocrx_word' id='word_1_226' title='bbox 421 3503 475 3567; x_wconf 91' lang='lat' dir='ltr'>De</span> <span class='ocrx_word' id='word_1_227' title='bbox 499 3501 682 3587; x_wconf 86' lang='lat' dir='ltr'>fragmento</span> <span class='ocrx_word' id='word_1_228' title='bbox 706 3501 881 3566; x_wconf 88' lang='lat' dir='ltr'>inserendo</span> <span class='ocrx_word' id='word_1_229' title='bbox 904 3501 991 3565; x_wconf 90' lang='lat' dir='ltr'>idem</span> <span class='ocrx_word' id='word_1_230' title='bbox 1015 3501 1101 3564; x_wconf 89' lang='lat' dir='ltr'>valet</span> <span class='ocrx_word' id='word_1_231' title='bbox 1125 3500 1212 3583; x_wconf 95' lang='lat' dir='ltr'>quod</span> <span class='ocrx_word' id='word_1_232' title='bbox 1237 3499 1279 3565; x_wconf 89' lang='lat' dir='ltr'>ad</span> <span class='ocrx_word' id='word_1_233' title='bbox 1302 3499 1363 3584; x_wconf 85' lang='lat' dir='ltr'>frg.</span> <span class='ocrx_word' id='word_1_234' title='bbox 1389 3502 1430 3564; x_wconf 89' lang='grc'>36</span> <span class='ocrx_word' id='word_1_235' title='bbox 1457 3521 1508 3565; x_wconf 84' lang='lat' dir='ltr'>ex-</span> 
     </span>
     <span class='ocr_line' id='line_1_30' title="bbox 333 3632 438 3694; baseline 0.038 -19"><span class='ocrx_word' id='word_1_236' title='bbox 333 3632 438 3694; x_wconf 83' lang='lat' dir='ltr'>posui.</span> 
     </span>
    </p>
   </div>
   <div class='ocr_carea' id='block_1_3' title="bbox 421 3731 1270 3821">
    <p class='ocr_par' dir='ltr' id='par_1_5' title="bbox 421 3731 1270 3821">
     <span class='ocr_line' id='line_1_31' title="bbox 421 3731 1270 3821; baseline -0.004 -20"><span class='ocrx_word' id='word_1_237' title='bbox 421 3736 521 3821; x_wconf 76' lang='lat' dir='ltr'>Frg.</span> <span class='ocrx_word' id='word_1_238' title='bbox 546 3735 605 3801; x_wconf 76' lang='lat'>38</span> <span class='ocrx_word' id='word_1_239' title='bbox 629 3734 700 3820; x_wconf 88' lang='grc'>(23)</span> <span class='ocrx_word' id='word_1_240' title='bbox 724 3767 750 3784; x_wconf 96' lang='lat'><strong><em>=</em></strong></span> <span class='ocrx_word' id='word_1_241' title='bbox 772 3733 871 3804; x_wconf 73' lang='grc' dir='ltr'><strong><em>εοίιοί.</em></strong></span> <span class='ocrx_word' id='word_1_242' title='bbox 898 3734 992 3799; x_wconf 86' lang='lat' dir='ltr'>Hom.</span> <span class='ocrx_word' id='word_1_243' title='bbox 1017 3731 1036 3810; x_wconf 88' lang='grc' dir='ltr'><em>ξ</em></span> <span class='ocrx_word' id='word_1_244' title='bbox 1058 3735 1126 3799; x_wconf 80' lang='lat'>533</span> <span class='ocrx_word' id='word_1_245' title='bbox 1150 3733 1233 3800; x_wconf 89' lang='lat' dir='ltr'>HV:</span> <span class='ocrx_word' id='word_1_246' title='bbox 1266 3771 1270 3782; x_wconf 86' lang='lat'><em>·</em></span> 
     </span>
    </p>
   </div>
   <div class='ocr_carea' id='block_1_4' title="bbox 335 3851 1508 4056">
    <p class='ocr_par' dir='ltr' id='par_1_6' title="bbox 335 3851 1508 4056">
     <span class='ocr_line' id='line_1_32' title="bbox 421 3851 1508 3948; baseline -0.005 -21"><span class='ocrx_word' id='word_1_247' title='bbox 421 3853 592 3945; x_wconf 78' lang='grc' dir='ltr'><strong><em>Ἐρεχθεὺς</em></strong></span> <span class='ocrx_word' id='word_1_248' title='bbox 607 3853 624 3927; x_wconf 81' lang='grc' dir='ltr'><em>ὃ</em></span> <span class='ocrx_word' id='word_1_249' title='bbox 640 3869 704 3926; x_wconf 91' lang='grc' dir='ltr'><strong><em>τιῦν</em></strong></span> <span class='ocrx_word' id='word_1_250' title='bbox 723 3852 902 3948; x_wconf 69' lang='grc' dir='ltr'><strong><em>Ἀθηναίων</em></strong></span> <span class='ocrx_word' id='word_1_251' title='bbox 916 3856 1067 3942; x_wconf 72' lang='grc' dir='ltr'><strong><em>βασιλεὺς</em></strong></span> <span class='ocrx_word' id='word_1_252' title='bbox 1090 3855 1173 3939; x_wconf 83' lang='grc' dir='ltr'><strong><em>ἰ’σχει</em></strong></span> <span class='ocrx_word' id='word_1_253' title='bbox 1190 3860 1353 3942; x_wconf 73' lang='grc' dir='ltr'><strong><em>θυγατέρα</em></strong></span> <span class='ocrx_word' id='word_1_254' title='bbox 1369 3851 1508 3940; x_wconf 75' lang='grc' dir='ltr'><strong><em>τοῦνομα</em></strong></span> 
     </span>
     <span class='ocr_line' id='line_1_33' title="bbox 335 3960 1507 4056; baseline -0.008 -20"><span class='ocrx_word' id='word_1_255' title='bbox 335 3962 485 4056; x_wconf 73' lang='grc' dir='ltr'><strong><em>Ὠρίθυαν</em></strong></span> <span class='ocrx_word' id='word_1_256' title='bbox 514 3971 575 4055; x_wconf 77' lang='lat' dir='ltr'>(sic</span> <span class='ocrx_word' id='word_1_257' title='bbox 601 3970 693 4035; x_wconf 91' lang='lat' dir='ltr'>codd.</span> <span class='ocrx_word' id='word_1_258' title='bbox 726 3960 910 4054; x_wconf 66' lang='grc' dir='ltr'><strong><em>Ὠρείθυιαν</em></strong></span> <span class='ocrx_word' id='word_1_259' title='bbox 936 3967 1048 4050; x_wconf 78' lang='lat' dir='ltr'>Dind.)</span> <span class='ocrx_word' id='word_1_260' title='bbox 1079 3963 1188 4029; x_wconf 85' lang='grc' dir='ltr'><strong><em>κάλλει</em></strong></span> <span class='ocrx_word' id='word_1_261' title='bbox 1219 3962 1507 4052; x_wconf 77' lang='grc' dir='ltr'><strong><em>διαπρεπεστάτην,</em></strong></span> 
     </span>
    </p>
   </div>
   <div class='ocr_carea' id='block_1_5' title="bbox 335 4107 1506 4271">
    <p class='ocr_par' dir='ltr' id='par_1_7' title="bbox 335 4107 1506 4271">
     <span class='ocr_line' id='line_1_34' title="bbox 422 4107 1506 4182; baseline -0.008 -12"><span class='ocrx_word' id='word_1_262' title='bbox 422 4115 465 4182; x_wconf 78' lang='grc'>113)</span> <span class='ocrx_word' id='word_1_263' title='bbox 485 4119 563 4179; x_wconf 87' lang='lat' dir='ltr'>Quod</span> <span class='ocrx_word' id='word_1_264' title='bbox 577 4119 612 4168; x_wconf 86' lang='lat' dir='ltr'>ad</span> <span class='ocrx_word' id='word_1_265' title='bbox 625 4116 826 4182; x_wconf 79' lang='lat' dir='ltr'>genealogiam,</span> <span class='ocrx_word' id='word_1_266' title='bbox 847 4115 881 4164; x_wconf 87' lang='lat' dir='ltr'>cl.</span> <span class='ocrx_word' id='word_1_267' title='bbox 902 4117 1039 4177; x_wconf 85' lang='lat' dir='ltr'>practerea</span> <span class='ocrx_word' id='word_1_268' title='bbox 1057 4114 1124 4176; x_wconf 81' lang='lat' dir='ltr'>Hyg.</span> <span class='ocrx_word' id='word_1_269' title='bbox 1145 4126 1170 4174; x_wconf 92' lang='lat' dir='ltr'>p.</span> <span class='ocrx_word' id='word_1_270' title='bbox 1181 4108 1224 4170; x_wconf 84' lang='lat'>93,</span> <span class='ocrx_word' id='word_1_271' title='bbox 1246 4109 1276 4171; x_wconf 78' lang='lat'>73</span> <span class='ocrx_word' id='word_1_272' title='bbox 1298 4107 1358 4171; x_wconf 86' lang='lat'>136,</span> <span class='ocrx_word' id='word_1_273' title='bbox 1378 4108 1426 4173; x_wconf 84' lang='lat'>21;</span> <span class='ocrx_word' id='word_1_274' title='bbox 1447 4109 1506 4170; x_wconf 80' lang='lat'>139,</span> 
     </span>
     <span class='ocr_line' id='line_1_35' title="bbox 335 4207 611 4271; baseline -0.007 -11"><span class='ocrx_word' id='word_1_275' title='bbox 335 4208 381 4271; x_wconf 76' lang='lat'>15;</span> <span class='ocrx_word' id='word_1_276' title='bbox 402 4207 462 4271; x_wconf 85' lang='grc'>148,</span> <span class='ocrx_word' id='word_1_277' title='bbox 483 4207 500 4260; x_wconf 85' lang='grc'>5</span> <span class='ocrx_word' id='word_1_278' title='bbox 520 4209 611 4259; x_wconf 91' lang='lat' dir='ltr'>Schm.</span> 
     </span>
    </p>
   </div>
   <div class='ocr_carea' id='block_1_6' title="bbox 422 4291 1508 4454">
    <p class='ocr_par' dir='ltr' id='par_1_8' title="bbox 422 4291 1508 4454">
     <span class='ocr_line' id='line_1_36' title="bbox 422 4291 996 4364; baseline -0.012 -13"><span class='ocrx_word' id='word_1_279' title='bbox 422 4296 466 4364; x_wconf 78' lang='grc'>111)</span> <span class='ocrx_word' id='word_1_280' title='bbox 486 4299 549 4350; x_wconf 85' lang='lat' dir='ltr'>EGF</span> <span class='ocrx_word' id='word_1_281' title='bbox 569 4299 649 4349; x_wconf 90' lang='lat' dir='ltr'>Kink.</span> <span class='ocrx_word' id='word_1_282' title='bbox 669 4313 694 4361; x_wconf 91' lang='lat' dir='ltr'>p.</span> <span class='ocrx_word' id='word_1_283' title='bbox 713 4295 749 4347; x_wconf 80' lang='lat'>42</span> <span class='ocrx_word' id='word_1_284' title='bbox 769 4296 828 4361; x_wconf 83' lang='lat' dir='ltr'>(lrg.</span> <span class='ocrx_word' id='word_1_285' title='bbox 850 4293 886 4357; x_wconf 83' lang='grc'>7),</span> <span class='ocrx_word' id='word_1_286' title='bbox 909 4308 933 4356; x_wconf 85' lang='lat' dir='ltr'>p.</span> <span class='ocrx_word' id='word_1_287' title='bbox 953 4291 996 4344; x_wconf 87' lang='grc'>37.</span> 
     </span>
     <span class='ocr_line' id='line_1_37' title="bbox 422 4374 1508 4454; baseline -0.016 -13"><span class='ocrx_word' id='word_1_288' title='bbox 422 4387 465 4454; x_wconf 80' lang='lat'><strong>¹¹⁵)</strong></span> <span class='ocrx_word' id='word_1_289' title='bbox 487 4392 527 4441; x_wconf 87' lang='lat' dir='ltr'>lta</span> <span class='ocrx_word' id='word_1_290' title='bbox 545 4390 660 4440; x_wconf 91' lang='lat' dir='ltr'>Proclus</span> <span class='ocrx_word' id='word_1_291' title='bbox 680 4400 793 4451; x_wconf 87' lang='lat' dir='ltr'>quoque</span> <span class='ocrx_word' id='word_1_292' title='bbox 811 4385 840 4434; x_wconf 93' lang='lat' dir='ltr'>in</span> <span class='ocrx_word' id='word_1_293' title='bbox 860 4379 1002 4435; x_wconf 78' lang='grc' dir='ltr'><strong><em>ὑποθέσει</em></strong></span> <span class='ocrx_word' id='word_1_294' title='bbox 1021 4381 1117 4430; x_wconf 82' lang='lat' dir='ltr'>Parvae</span> <span class='ocrx_word' id='word_1_295' title='bbox 1137 4378 1240 4445; x_wconf 77' lang='lat' dir='ltr'>Iliadis,</span> <span class='ocrx_word' id='word_1_296' title='bbox 1260 4377 1340 4426; x_wconf 87' lang='lat' dir='ltr'>llink.</span> <span class='ocrx_word' id='word_1_297' title='bbox 1359 4378 1377 4428; x_wconf 89' lang='lat' dir='ltr'>l.</span> <span class='ocrx_word' id='word_1_298' title='bbox 1391 4377 1408 4430; x_wconf 88' lang='lat' dir='ltr'>l.</span> <span class='ocrx_word' id='word_1_299' title='bbox 1427 4392 1453 4440; x_wconf 91' lang='lat' dir='ltr'>p.</span> <span class='ocrx_word' id='word_1_300' title='bbox 1466 4374 1508 4427; x_wconf 75' lang='lat'>37.</span> 
     </span>
    </p>
   </div>
   <div class='ocr_carea' id='block_1_7' title="bbox 0 0 1700 5178">
    <p class='ocr_par' dir='ltr' id='par_1_9' title="bbox 0 0 1700 5178">
     <span class='ocr_line' id='line_1_38' title="bbox 0 0 1700 5178; baseline 0 0"><span class='ocrx_word' id='word_1_301' title='bbox 0 0 1700 5178; x_wconf 95' lang='lat' dir='ltr'> </span> 
     </span>
    </p>
   </div>
  </div>
 </body>
</html>
