<?xml version="1.0" encoding="UTF-8"?>
<!DOCTYPE html PUBLIC "-//W3C//DTD XHTML 1.0 Transitional//EN"
    "http://www.w3.org/TR/xhtml1/DTD/xhtml1-transitional.dtd">
<html xmlns="http://www.w3.org/1999/xhtml" xml:lang="en" lang="en">
 <head>
  <title>
</title>
<meta http-equiv="Content-Type" content="text/html;charset=utf-8" />
  <meta name='ocr-system' content='tesseract 3.04.00' />
  <meta name='ocr-capabilities' content='ocr_page ocr_carea ocr_par ocr_line ocrx_word'/>
</head>
<body>
  <div class='ocr_page' id='page_1' title='image "./deaeusilao00kordgoog_0070.png"; bbox 0 0 3376 5178; ppageno 0'>
   <div class='ocr_carea' id='block_1_1' title="bbox 654 410 874 472">
    <p class='ocr_par' dir='ltr' id='par_1_1' title="bbox 654 410 874 472">
     <span class='ocr_line' id='line_1_1' title="bbox 654 410 874 472; baseline 0 -18"><span class='ocrx_word' id='word_1_1' title='bbox 654 410 874 472; x_wconf 60' lang='lat'>„65-</span> 
     </span>
    </p>
   </div>
   <div class='ocr_carea' id='block_1_2' title="bbox 170 600 1350 2614">
    <p class='ocr_par' dir='ltr' id='par_1_2' title="bbox 172 600 1350 902">
     <span class='ocr_line' id='line_1_2' title="bbox 172 600 1350 687; baseline -0.002 -16"><span class='ocrx_word' id='word_1_2' title='bbox 172 608 260 671; x_wconf 92' lang='lat' dir='ltr'>hunc</span> <span class='ocrx_word' id='word_1_3' title='bbox 283 606 318 669; x_wconf 92' lang='lat' dir='ltr'>in</span> <span class='ocrx_word' id='word_1_4' title='bbox 340 625 434 669; x_wconf 91' lang='lat' dir='ltr'>usum</span> <span class='ocrx_word' id='word_1_5' title='bbox 449 603 628 686; x_wconf 71' lang='lat' dir='ltr'>praeparati</span> <span class='ocrx_word' id='word_1_6' title='bbox 646 600 790 687; x_wconf 58' lang='lat' dir='ltr'>sunam)</span> <span class='ocrx_word' id='word_1_7' title='bbox 823 600 983 685; x_wconf 78' lang='lat' dir='ltr'>Stephani</span> <span class='ocrx_word' id='word_1_8' title='bbox 999 601 1039 666; x_wconf 94' lang='lat' dir='ltr'>B.</span> <span class='ocrx_word' id='word_1_9' title='bbox 1055 603 1157 686; x_wconf 90' lang='lat' dir='ltr'>locus,</span> <span class='ocrx_word' id='word_1_10' title='bbox 1181 611 1219 670; x_wconf 89' lang='lat' dir='ltr'>ut</span> <span class='ocrx_word' id='word_1_11' title='bbox 1243 626 1350 670; x_wconf 86' lang='lat' dir='ltr'>exem·</span> 
     </span>
     <span class='ocr_line' id='line_1_3' title="bbox 172 706 1350 796; baseline 0 -19"><span class='ocrx_word' id='word_1_12' title='bbox 172 713 261 796; x_wconf 92' lang='lat' dir='ltr'>plum</span> <span class='ocrx_word' id='word_1_13' title='bbox 280 709 426 789; x_wconf 87' lang='lat' dir='ltr'>afferam,</span> <span class='ocrx_word' id='word_1_14' title='bbox 449 731 516 779; x_wconf 89' lang='lat' dir='ltr'>non</span> <span class='ocrx_word' id='word_1_15' title='bbox 540 709 646 774; x_wconf 91' lang='lat' dir='ltr'>minus</span> <span class='ocrx_word' id='word_1_16' title='bbox 669 709 704 774; x_wconf 92' lang='lat' dir='ltr'>in</span> <span class='ocrx_word' id='word_1_17' title='bbox 720 706 830 792; x_wconf 91' lang='lat' dir='ltr'>Argos</span> <span class='ocrx_word' id='word_1_18' title='bbox 847 709 1131 791; x_wconf 85' lang='lat' dir='ltr'>praeclarissimum</span> <span class='ocrx_word' id='word_1_19' title='bbox 1156 711 1236 776; x_wconf 92' lang='lat' dir='ltr'>illud</span> <span class='ocrx_word' id='word_1_20' title='bbox 1254 711 1350 778; x_wconf 90' lang='lat' dir='ltr'>Pelo·</span> 
     </span>
     <span class='ocr_line' id='line_1_4' title="bbox 172 815 1057 902; baseline -0.001 -18"><span class='ocrx_word' id='word_1_21' title='bbox 172 819 307 902; x_wconf 88' lang='lat' dir='ltr'>ponnesi</span> <span class='ocrx_word' id='word_1_22' title='bbox 331 817 473 902; x_wconf 84' lang='lat' dir='ltr'>quadrat</span> <span class='ocrx_word' id='word_1_23' title='bbox 496 837 594 900; x_wconf 92' lang='lat' dir='ltr'>quam</span> <span class='ocrx_word' id='word_1_24' title='bbox 616 817 650 880; x_wconf 92' lang='lat' dir='ltr'>in</span> <span class='ocrx_word' id='word_1_25' title='bbox 674 815 859 880; x_wconf 86' lang='lat' dir='ltr'>Boeoticum</span> <span class='ocrx_word' id='word_1_26' title='bbox 884 816 1057 898; x_wconf 80' lang='lat' dir='ltr'><strong>quoddam.</strong></span> 
     </span>
    </p>

    <p class='ocr_par' dir='ltr' id='par_1_3' title="bbox 171 921 1350 1866">
     <span class='ocr_line' id='line_1_5' title="bbox 259 921 1349 1009; baseline 0.002 -19"><span class='ocrx_word' id='word_1_27' title='bbox 259 925 348 990; x_wconf 91' lang='lat' dir='ltr'>Num</span> <span class='ocrx_word' id='word_1_28' title='bbox 364 921 525 1009; x_wconf 79' lang='grc' dir='ltr'><strong><em>Κερκάόος</em></strong></span> <span class='ocrx_word' id='word_1_29' title='bbox 548 922 663 1008; x_wconf 84' lang='lat' dir='ltr'>(etiam</span> <span class='ocrx_word' id='word_1_30' title='bbox 678 921 802 1000; x_wconf 78' lang='grc' dir='ltr'><strong><em>Κελκάς</em></strong></span> <span class='ocrx_word' id='word_1_31' title='bbox 817 922 951 1007; x_wconf 90' lang='lat' dir='ltr'>legitur)</span> <span class='ocrx_word' id='word_1_32' title='bbox 976 945 1050 988; x_wconf 91' lang='lat' dir='ltr'>cum</span> <span class='ocrx_word' id='word_1_33' title='bbox 1065 924 1207 989; x_wconf 74' lang='grc' dir='ltr'><strong><em>Κελκαία</em></strong></span> <span class='ocrx_word' id='word_1_34' title='bbox 1230 926 1349 992; x_wconf 85' lang='lat' dir='ltr'>Dianae</span> 
     </span>
     <span class='ocr_line' id='line_1_6' title="bbox 172 1029 1347 1114; baseline 0.004 -20"><span class='ocrx_word' id='word_1_35' title='bbox 172 1031 385 1097; x_wconf 74' lang='lat' dir='ltr'>Atheniensis</span> <span class='ocrx_word' id='word_1_36' title='bbox 402 1029 656 1114; x_wconf 72' lang='lat' dir='ltr'>cognomine¹⁴⁴)</span> <span class='ocrx_word' id='word_1_37' title='bbox 681 1030 845 1095; x_wconf 84' lang='lat' dir='ltr'>cohaereat</span> <span class='ocrx_word' id='word_1_38' title='bbox 860 1051 973 1114; x_wconf 88' lang='lat' dir='ltr'>necne,</span> <span class='ocrx_word' id='word_1_39' title='bbox 999 1030 1185 1097; x_wconf 86' lang='lat' dir='ltr'>discernere</span> <span class='ocrx_word' id='word_1_40' title='bbox 1201 1054 1266 1097; x_wconf 91' lang='lat' dir='ltr'>non</span> <span class='ocrx_word' id='word_1_41' title='bbox 1291 1056 1347 1099; x_wconf 91' lang='lat' dir='ltr'>au·</span> 
     </span>
     <span class='ocr_line' id='line_1_7' title="bbox 174 1137 1349 1223; baseline 0.002 -21"><span class='ocrx_word' id='word_1_42' title='bbox 174 1139 276 1206; x_wconf 87' lang='lat' dir='ltr'>deam.</span> <span class='ocrx_word' id='word_1_43' title='bbox 315 1139 434 1221; x_wconf 85' lang='lat' dir='ltr'>Neque</span> <span class='ocrx_word' id='word_1_44' title='bbox 458 1138 635 1221; x_wconf 89' lang='lat' dir='ltr'>quidquam</span> <span class='ocrx_word' id='word_1_45' title='bbox 658 1137 701 1202; x_wconf 90' lang='lat' dir='ltr'>ad</span> <span class='ocrx_word' id='word_1_46' title='bbox 726 1138 938 1220; x_wconf 85' lang='lat' dir='ltr'>quaestionem</span> <span class='ocrx_word' id='word_1_47' title='bbox 963 1143 1108 1203; x_wconf 85' lang='lat' dir='ltr'>nostram</span> <span class='ocrx_word' id='word_1_48' title='bbox 1133 1137 1249 1223; x_wconf 79' lang='lat' dir='ltr'>refert3</span> <span class='ocrx_word' id='word_1_49' title='bbox 1274 1161 1349 1204; x_wconf 93' lang='lat' dir='ltr'>nam</span> 
     </span>
     <span class='ocr_line' id='line_1_8' title="bbox 174 1241 1350 1330; baseline 0.002 -20"><span class='ocrx_word' id='word_1_50' title='bbox 174 1248 199 1310; x_wconf 94' lang='lat' dir='ltr'>si</span> <span class='ocrx_word' id='word_1_51' title='bbox 222 1247 294 1330; x_wconf 94' lang='lat' dir='ltr'>quis</span> <span class='ocrx_word' id='word_1_52' title='bbox 319 1245 382 1309; x_wconf 92' lang='lat' dir='ltr'>hoc</span> <span class='ocrx_word' id='word_1_53' title='bbox 405 1245 564 1310; x_wconf 87' lang='lat' dir='ltr'>vocabulo</span> <span class='ocrx_word' id='word_1_54' title='bbox 585 1245 771 1309; x_wconf 74' lang='lat' dir='ltr'><strong>accuratius</strong></span> <span class='ocrx_word' id='word_1_55' title='bbox 786 1241 896 1328; x_wconf 85' lang='lat' dir='ltr'>Argos</span> <span class='ocrx_word' id='word_1_56' title='bbox 921 1245 1042 1327; x_wconf 88' lang='lat' dir='ltr'>signari</span> <span class='ocrx_word' id='word_1_57' title='bbox 1067 1247 1215 1326; x_wconf 83' lang='lat' dir='ltr'>coniciet,</span> <span class='ocrx_word' id='word_1_58' title='bbox 1239 1244 1350 1330; x_wconf 85' lang='lat' dir='ltr'>Argos</span> 
     </span>
     <span class='ocr_line' id='line_1_9' title="bbox 174 1349 1347 1440; baseline 0.001 -22"><span class='ocrx_word' id='word_1_59' title='bbox 174 1354 296 1419; x_wconf 86' lang='lat' dir='ltr'>scilicet</span> <span class='ocrx_word' id='word_1_60' title='bbox 312 1351 450 1418; x_wconf 84' lang='lat' dir='ltr'>Oelcceae</span> <span class='ocrx_word' id='word_1_61' title='bbox 473 1349 631 1437; x_wconf 82' lang='lat' dir='ltr'>(Dianae),</span> <span class='ocrx_word' id='word_1_62' title='bbox 656 1351 726 1416; x_wconf 88' lang='lat' dir='ltr'>iure</span> <span class='ocrx_word' id='word_1_63' title='bbox 751 1350 781 1414; x_wconf 91' lang='lat' dir='ltr'>ei</span> <span class='ocrx_word' id='word_1_64' title='bbox 805 1351 1040 1417; x_wconf 88' lang='lat' dir='ltr'>obverteudum</span> <span class='ocrx_word' id='word_1_65' title='bbox 1065 1358 1123 1431; x_wconf 86' lang='lat' dir='ltr'>est,</span> <span class='ocrx_word' id='word_1_66' title='bbox 1148 1361 1204 1440; x_wconf 77' lang='grc' dir='ltr'>τῆς</span> <span class='ocrx_word' id='word_1_67' title='bbox 1228 1355 1347 1419; x_wconf 86' lang='lat' dir='ltr'>articu-</span> 
     </span>
     <span class='ocr_line' id='line_1_10' title="bbox 173 1458 1350 1547; baseline 0.001 -22"><span class='ocrx_word' id='word_1_68' title='bbox 173 1463 236 1525; x_wconf 90' lang='lat' dir='ltr'>lum</span> <span class='ocrx_word' id='word_1_69' title='bbox 267 1481 328 1524; x_wconf 90' lang='lat' dir='ltr'>nos</span> <span class='ocrx_word' id='word_1_70' title='bbox 361 1465 610 1541; x_wconf 76' lang='lat' dir='ltr'>exspectaturos</span> <span class='ocrx_word' id='word_1_71' title='bbox 638 1458 748 1523; x_wconf 87' lang='lat' dir='ltr'>fuisse.</span> <span class='ocrx_word' id='word_1_72' title='bbox 795 1458 920 1524; x_wconf 81' lang='lat' dir='ltr'>Vocem</span> <span class='ocrx_word' id='word_1_73' title='bbox 952 1459 1060 1541; x_wconf 88' lang='lat' dir='ltr'>igitur,</span> <span class='ocrx_word' id='word_1_74' title='bbox 1093 1461 1159 1525; x_wconf 87' lang='lat' dir='ltr'>sive</span> <span class='ocrx_word' id='word_1_75' title='bbox 1190 1460 1350 1547; x_wconf 78' lang='grc' dir='ltr'><em>Κερκάδος</em></span> 
     </span>
     <span class='ocr_line' id='line_1_11' title="bbox 172 1563 1348 1650; baseline 0.002 -19"><span class='ocrx_word' id='word_1_76' title='bbox 172 1568 294 1633; x_wconf 89' lang='lat' dir='ltr'>scribas</span> <span class='ocrx_word' id='word_1_77' title='bbox 319 1568 385 1630; x_wconf 87' lang='lat' dir='ltr'>sive</span> <span class='ocrx_word' id='word_1_78' title='bbox 402 1563 571 1642; x_wconf 77' lang='grc' dir='ltr'><em>Κελκάδος,</em></span> <span class='ocrx_word' id='word_1_79' title='bbox 596 1565 708 1649; x_wconf 85' lang='lat' dir='ltr'>oppidi</span> <span class='ocrx_word' id='word_1_80' title='bbox 731 1586 849 1630; x_wconf 91' lang='lat' dir='ltr'>nomen</span> <span class='ocrx_word' id='word_1_81' title='bbox 867 1586 937 1629; x_wconf 90' lang='lat' dir='ltr'>esse</span> <span class='ocrx_word' id='word_1_82' title='bbox 961 1587 1026 1630; x_wconf 91' lang='lat' dir='ltr'>non</span> <span class='ocrx_word' id='word_1_83' title='bbox 1050 1565 1159 1631; x_wconf 88' lang='lat' dir='ltr'>facere</span> <span class='ocrx_word' id='word_1_84' title='bbox 1175 1589 1348 1650; x_wconf 91' lang='lat' dir='ltr'>possumus</span> 
     </span>
     <span class='ocr_line' id='line_1_12' title="bbox 171 1669 1347 1759; baseline -0.001 -20"><span class='ocrx_word' id='word_1_85' title='bbox 171 1675 248 1758; x_wconf 91' lang='lat' dir='ltr'>quin</span> <span class='ocrx_word' id='word_1_86' title='bbox 280 1674 488 1756; x_wconf 87' lang='lat' dir='ltr'>accipiamus.</span> <span class='ocrx_word' id='word_1_87' title='bbox 536 1669 702 1756; x_wconf 88' lang='lat' dir='ltr'>Oppidum</span> <span class='ocrx_word' id='word_1_88' title='bbox 733 1693 810 1736; x_wconf 86' lang='lat' dir='ltr'>vero</span> <span class='ocrx_word' id='word_1_89' title='bbox 844 1670 966 1759; x_wconf 77' lang='grc' dir='ltr'><em>Κερκάς</em></span> <span class='ocrx_word' id='word_1_90' title='bbox 997 1672 1199 1756; x_wconf 88' lang='lat' dir='ltr'>appellatum</span> <span class='ocrx_word' id='word_1_91' title='bbox 1234 1676 1347 1757; x_wconf 86' lang='lat' dir='ltr'>utique</span> 
     </span>
     <span class='ocr_line' id='line_1_13' title="bbox 173 1779 456 1866; baseline -0.007 -20"><span class='ocrx_word' id='word_1_92' title='bbox 173 1804 237 1846; x_wconf 94' lang='lat' dir='ltr'>non</span> <span class='ocrx_word' id='word_1_93' title='bbox 262 1788 313 1846; x_wconf 90' lang='lat' dir='ltr'>est</span> <span class='ocrx_word' id='word_1_94' title='bbox 336 1779 456 1866; x_wconf 88' lang='lat' dir='ltr'>Argos.</span> 
     </span>
    </p>

    <p class='ocr_par' dir='ltr' id='par_1_4' title="bbox 170 1885 1349 2614">
     <span class='ocr_line' id='line_1_14' title="bbox 260 1885 1349 1973; baseline -0.001 -20"><span class='ocrx_word' id='word_1_95' title='bbox 260 1886 409 1973; x_wconf 78' lang='lat' dir='ltr'>Sittl‚1⁴⁵)</span> <span class='ocrx_word' id='word_1_96' title='bbox 433 1888 489 1970; x_wconf 92' lang='lat' dir='ltr'>qui</span> <span class='ocrx_word' id='word_1_97' title='bbox 514 1886 704 1969; x_wconf 88' lang='lat' dir='ltr'>ceteroquin</span> <span class='ocrx_word' id='word_1_98' title='bbox 724 1887 834 1970; x_wconf 89' lang='lat' dir='ltr'>inepte</span> <span class='ocrx_word' id='word_1_99' title='bbox 859 1886 899 1951; x_wconf 90' lang='lat' dir='ltr'>de</span> <span class='ocrx_word' id='word_1_100' title='bbox 915 1885 1072 1951; x_wconf 85' lang='lat' dir='ltr'>Acusilao</span> <span class='ocrx_word' id='word_1_101' title='bbox 1098 1887 1263 1973; x_wconf 82' lang='lat' dir='ltr'>disseruit,</span> <span class='ocrx_word' id='word_1_102' title='bbox 1286 1888 1349 1952; x_wconf 90' lang='lat' dir='ltr'>hac</span> 
     </span>
     <span class='ocr_line' id='line_1_15' title="bbox 170 1993 1349 2078; baseline 0.001 -20"><span class='ocrx_word' id='word_1_103' title='bbox 170 1996 203 2060; x_wconf 92' lang='lat' dir='ltr'>in</span> <span class='ocrx_word' id='word_1_104' title='bbox 226 2017 262 2060; x_wconf 91' lang='lat' dir='ltr'>re</span> <span class='ocrx_word' id='word_1_105' title='bbox 286 2002 411 2059; x_wconf 87' lang='lat' dir='ltr'>rectam</span> <span class='ocrx_word' id='word_1_106' title='bbox 435 2015 496 2058; x_wconf 92' lang='lat' dir='ltr'>nos</span> <span class='ocrx_word' id='word_1_107' title='bbox 519 1999 702 2057; x_wconf 86' lang='lat' dir='ltr'>monstrare</span> <span class='ocrx_word' id='word_1_108' title='bbox 720 1993 806 2056; x_wconf 87' lang='lat' dir='ltr'>viam</span> <span class='ocrx_word' id='word_1_109' title='bbox 822 1993 947 2075; x_wconf 84' lang='lat' dir='ltr'>iudico3</span> <span class='ocrx_word' id='word_1_110' title='bbox 972 1994 1017 2058; x_wconf 85' lang='lat' dir='ltr'>sic</span> <span class='ocrx_word' id='word_1_111' title='bbox 1043 1995 1128 2058; x_wconf 93' lang='lat' dir='ltr'>enim</span> <span class='ocrx_word' id='word_1_112' title='bbox 1153 1993 1349 2078; x_wconf 83' lang='lat' dir='ltr'>disputavit:</span> 
     </span>
     <span class='ocr_line' id='line_1_16' title="bbox 173 2099 1348 2182; baseline 0.001 -16"><span class='ocrx_word' id='word_1_113' title='bbox 173 2103 234 2180; x_wconf 83' lang='lat' dir='ltr'>„In</span> <span class='ocrx_word' id='word_1_114' title='bbox 259 2102 318 2166; x_wconf 86' lang='lat' dir='ltr'>der</span> <span class='ocrx_word' id='word_1_115' title='bbox 342 2100 493 2167; x_wconf 89' lang='lat' dir='ltr'>Vorrede</span> <span class='ocrx_word' id='word_1_116' title='bbox 518 2100 576 2165; x_wconf 89' lang='lat' dir='ltr'>des</span> <span class='ocrx_word' id='word_1_117' title='bbox 593 2099 734 2164; x_wconf 90' lang='lat' dir='ltr'>Werkes</span> <span class='ocrx_word' id='word_1_118' title='bbox 759 2100 859 2182; x_wconf 80' lang='lat' dir='ltr'>(quod</span> <span class='ocrx_word' id='word_1_119' title='bbox 884 2099 1016 2165; x_wconf 85' lang='lat' dir='ltr'>falsario</span> <span class='ocrx_word' id='word_1_120' title='bbox 1040 2101 1251 2165; x_wconf 84' lang='lat' dir='ltr'>tribuendum</span> <span class='ocrx_word' id='word_1_121' title='bbox 1276 2123 1348 2167; x_wconf 88' lang='lat' dir='ltr'>esse</span> 
     </span>
     <span class='ocr_line' id='line_1_17' title="bbox 172 2205 1345 2291; baseline -0.001 -17"><span class='ocrx_word' id='word_1_122' title='bbox 172 2208 250 2274; x_wconf 86' lang='lat' dir='ltr'>Sittl</span> <span class='ocrx_word' id='word_1_123' title='bbox 282 2209 450 2291; x_wconf 86' lang='lat' dir='ltr'>opinatur)</span> <span class='ocrx_word' id='word_1_124' title='bbox 483 2207 573 2271; x_wconf 87' lang='lat' dir='ltr'>teilte</span> <span class='ocrx_word' id='word_1_125' title='bbox 607 2206 665 2271; x_wconf 90' lang='lat' dir='ltr'>der</span> <span class='ocrx_word' id='word_1_126' title='bbox 688 2205 846 2271; x_wconf 73' lang='lat' dir='ltr'>Falscher</span> <span class='ocrx_word' id='word_1_127' title='bbox 870 2207 928 2270; x_wconf 92' lang='lat' dir='ltr'>das</span> <span class='ocrx_word' id='word_1_128' title='bbox 962 2208 1028 2283; x_wconf 90' lang='lat' dir='ltr'>mit,</span> <span class='ocrx_word' id='word_1_129' title='bbox 1060 2229 1124 2272; x_wconf 87' lang='lat' dir='ltr'>was</span> <span class='ocrx_word' id='word_1_130' title='bbox 1150 2206 1268 2273; x_wconf 85' lang='lat' dir='ltr'>Suidas</span> <span class='ocrx_word' id='word_1_131' title='bbox 1297 2207 1345 2273; x_wconf 91' lang='lat' dir='ltr'>als</span> 
     </span>
     <span class='ocr_line' id='line_1_18' title="bbox 171 2312 1346 2400; baseline 0.002 -20"><span class='ocrx_word' id='word_1_132' title='bbox 171 2314 369 2400; x_wconf 88' lang='lat' dir='ltr'>Biographie</span> <span class='ocrx_word' id='word_1_133' title='bbox 400 2314 484 2396; x_wconf 84' lang='lat' dir='ltr'>gibt:</span> <span class='ocrx_word' id='word_1_134' title='bbox 514 2313 583 2378; x_wconf 90' lang='lat' dir='ltr'>Des</span> <span class='ocrx_word' id='word_1_135' title='bbox 606 2312 787 2378; x_wconf 87' lang='lat' dir='ltr'>Akusilans</span> <span class='ocrx_word' id='word_1_136' title='bbox 810 2313 926 2397; x_wconf 88' lang='lat' dir='ltr'>Vater,</span> <span class='ocrx_word' id='word_1_137' title='bbox 958 2314 1016 2378; x_wconf 86' lang='lat' dir='ltr'>der</span> <span class='ocrx_word' id='word_1_138' title='bbox 1047 2314 1189 2399; x_wconf 88' lang='lat' dir='ltr'>Argiver</span> <span class='ocrx_word' id='word_1_139' title='bbox 1220 2316 1346 2395; x_wconf 73' lang='lat' dir='ltr'>Kabaa</span> 
     </span>
     <span class='ocr_line' id='line_1_19' title="bbox 171 2420 1347 2488; baseline 0.002 -2"><span class='ocrx_word' id='word_1_140' title='bbox 171 2423 248 2488; x_wconf 82' lang='lat' dir='ltr'>land</span> <span class='ocrx_word' id='word_1_141' title='bbox 273 2445 313 2487; x_wconf 86' lang='lat' dir='ltr'>zu</span> <span class='ocrx_word' id='word_1_142' title='bbox 333 2421 465 2486; x_wconf 85' lang='lat' dir='ltr'>Kerkas</span> <span class='ocrx_word' id='word_1_143' title='bbox 488 2421 541 2485; x_wconf 89' lang='lat' dir='ltr'>bei</span> <span class='ocrx_word' id='word_1_144' title='bbox 557 2420 654 2485; x_wconf 89' lang='lat' dir='ltr'>Aulis</span> <span class='ocrx_word' id='word_1_145' title='bbox 678 2421 798 2486; x_wconf 91' lang='lat' dir='ltr'>eherne</span> <span class='ocrx_word' id='word_1_146' title='bbox 816 2421 932 2485; x_wconf 77' lang='lat' dir='ltr'>Tal&#39;eln</span> <span class='ocrx_word' id='word_1_147' title='bbox 952 2422 990 2484; x_wconf 85' lang='lat' dir='ltr'>¹in</span> <span class='ocrx_word' id='word_1_148' title='bbox 1014 2421 1071 2485; x_wconf 90' lang='lat' dir='ltr'>der</span> <span class='ocrx_word' id='word_1_149' title='bbox 1087 2421 1198 2485; x_wconf 82' lang='lat' dir='ltr'>Erde.</span> <span class='ocrx_word' id='word_1_150' title='bbox 1215 2474 1221 2486; x_wconf 94' lang='lat'><strong>.</strong></span> <span class='ocrx_word' id='word_1_151' title='bbox 1238 2472 1244 2485; x_wconf 92' lang='lat'>.</span> <span class='ocrx_word' id='word_1_152' title='bbox 1259 2430 1286 2486; x_wconf 81' lang='lat'>.“</span> <span class='ocrx_word' id='word_1_153' title='bbox 1314 2430 1347 2488; x_wconf 89' lang='lat' dir='ltr'>et</span> 
     </span>
     <span class='ocr_line' id='line_1_20' title="bbox 171 2527 1345 2614; baseline 0.001 -20"><span class='ocrx_word' id='word_1_154' title='bbox 171 2530 354 2594; x_wconf 83' lang='lat' dir='ltr'>adnotavit:</span> <span class='ocrx_word' id='word_1_155' title='bbox 395 2550 450 2613; x_wconf 67' lang='lat' dir='ltr'>„so</span> <span class='ocrx_word' id='word_1_156' title='bbox 483 2528 646 2610; x_wconf 87' lang='lat' dir='ltr'>entstand,</span> <span class='ocrx_word' id='word_1_157' title='bbox 678 2527 783 2593; x_wconf 90' lang='lat' dir='ltr'>denke</span> <span class='ocrx_word' id='word_1_158' title='bbox 813 2527 876 2614; x_wconf 88' lang='lat' dir='ltr'>ich,</span> <span class='ocrx_word' id='word_1_159' title='bbox 909 2527 960 2592; x_wconf 92' lang='lat' dir='ltr'>die</span> <span class='ocrx_word' id='word_1_160' title='bbox 991 2528 1088 2592; x_wconf 88' lang='lat' dir='ltr'>Notiz</span> <span class='ocrx_word' id='word_1_161' title='bbox 1122 2527 1179 2593; x_wconf 90' lang='lat' dir='ltr'>des</span> <span class='ocrx_word' id='word_1_162' title='bbox 1211 2528 1345 2595; x_wconf 83' lang='lat' dir='ltr'>Suidas:</span> 
     </span>
    </p>
   </div>
   <div class='ocr_carea' id='block_1_3' title="bbox 170 2626 1348 3255">
    <p class='ocr_par' dir='ltr' id='par_1_5' title="bbox 170 2626 1348 3255">
     <span class='ocr_line' id='line_1_21' title="bbox 170 2626 1348 2720; baseline 0 -18"><span class='ocrx_word' id='word_1_163' title='bbox 170 2635 263 2720; x_wconf 77' lang='grc' dir='ltr'><strong><em>Κάβα</em></strong></span> <span class='ocrx_word' id='word_1_164' title='bbox 285 2633 365 2718; x_wconf 81' lang='grc' dir='ltr'><strong><em>υἱός,</em></strong></span> <span class='ocrx_word' id='word_1_165' title='bbox 383 2626 521 2720; x_wconf 74' lang='grc' dir='ltr'><em>Ἀργεῖος</em></span> <span class='ocrx_word' id='word_1_166' title='bbox 543 2635 629 2699; x_wconf 57' lang='lat' dir='ltr'>arm</span> <span class='ocrx_word' id='word_1_167' title='bbox 668 2634 787 2699; x_wconf 89' lang='lat' dir='ltr'>Nonne</span> <span class='ocrx_word' id='word_1_168' title='bbox 810 2657 926 2701; x_wconf 83' lang='lat' dir='ltr'>revera</span> <span class='ocrx_word' id='word_1_169' title='bbox 949 2643 1130 2699; x_wconf 89' lang='lat' dir='ltr'>memoratu</span> <span class='ocrx_word' id='word_1_170' title='bbox 1154 2644 1204 2700; x_wconf 91' lang='lat' dir='ltr'>est</span> <span class='ocrx_word' id='word_1_171' title='bbox 1229 2636 1348 2720; x_wconf 91' lang='lat' dir='ltr'>dignis·</span> 
     </span>
     <span class='ocr_line' id='line_1_22' title="bbox 171 2741 1347 2826; baseline 0 -18"><span class='ocrx_word' id='word_1_172' title='bbox 171 2745 296 2826; x_wconf 86' lang='lat' dir='ltr'>simum,</span> <span class='ocrx_word' id='word_1_173' title='bbox 322 2744 355 2807; x_wconf 92' lang='lat' dir='ltr'>in</span> <span class='ocrx_word' id='word_1_174' title='bbox 372 2743 485 2807; x_wconf 88' lang='lat' dir='ltr'>eadem</span> <span class='ocrx_word' id='word_1_175' title='bbox 503 2741 613 2807; x_wconf 82' lang='lat' dir='ltr'>Suidae</span> <span class='ocrx_word' id='word_1_176' title='bbox 629 2743 738 2824; x_wconf 84' lang='lat' dir='ltr'>glossa</span> <span class='ocrx_word' id='word_1_177' title='bbox 755 2749 788 2806; x_wconf 90' lang='lat' dir='ltr'>et</span> <span class='ocrx_word' id='word_1_178' title='bbox 809 2742 848 2806; x_wconf 91' lang='lat' dir='ltr'>de</span> <span class='ocrx_word' id='word_1_179' title='bbox 866 2743 1010 2826; x_wconf 89' lang='lat' dir='ltr'>singulis,</span> <span class='ocrx_word' id='word_1_180' title='bbox 1035 2763 1107 2825; x_wconf 85' lang='lat' dir='ltr'>quae</span> <span class='ocrx_word' id='word_1_181' title='bbox 1131 2742 1174 2806; x_wconf 90' lang='lat' dir='ltr'>ad</span> <span class='ocrx_word' id='word_1_182' title='bbox 1195 2745 1347 2826; x_wconf 89' lang='lat' dir='ltr'>patriam,</span> 
     </span>
     <span class='ocr_line' id='line_1_23' title="bbox 171 2849 1346 2937; baseline 0.001 -23"><span class='ocrx_word' id='word_1_183' title='bbox 171 2852 223 2937; x_wconf 86' lang='lat' dir='ltr'>agi</span> <span class='ocrx_word' id='word_1_184' title='bbox 253 2856 287 2915; x_wconf 84' lang='lat' dir='ltr'>et</span> <span class='ocrx_word' id='word_1_185' title='bbox 318 2851 429 2915; x_wconf 89' lang='lat' dir='ltr'>statim</span> <span class='ocrx_word' id='word_1_186' title='bbox 461 2849 615 2932; x_wconf 89' lang='lat' dir='ltr'>subsequi</span> <span class='ocrx_word' id='word_1_187' title='bbox 646 2849 833 2915; x_wconf 82' lang='lat' dir='ltr'>tabularum</span> <span class='ocrx_word' id='word_1_188' title='bbox 857 2871 1031 2914; x_wconf 87' lang='lat' dir='ltr'>aeneorum</span> <span class='ocrx_word' id='word_1_189' title='bbox 1056 2849 1223 2914; x_wconf 78' lang='lat' dir='ltr'>fabulam?</span> <span class='ocrx_word' id='word_1_190' title='bbox 1269 2851 1346 2917; x_wconf 89' lang='lat' dir='ltr'>Non</span> 
     </span>
     <span class='ocr_line' id='line_1_24' title="bbox 170 2954 1344 3042; baseline 0 -20"><span class='ocrx_word' id='word_1_191' title='bbox 170 2960 304 3022; x_wconf 90' lang='lat' dir='ltr'>minima</span> <span class='ocrx_word' id='word_1_192' title='bbox 327 2958 427 3042; x_wconf 89' lang='lat' dir='ltr'>igitur</span> <span class='ocrx_word' id='word_1_193' title='bbox 451 2977 549 3022; x_wconf 91' lang='lat' dir='ltr'>causa</span> <span class='ocrx_word' id='word_1_194' title='bbox 572 2978 624 3021; x_wconf 90' lang='lat' dir='ltr'>me</span> <span class='ocrx_word' id='word_1_195' title='bbox 647 2956 794 3040; x_wconf 88' lang='lat' dir='ltr'>impellit,</span> <span class='ocrx_word' id='word_1_196' title='bbox 820 2954 960 3021; x_wconf 91' lang='lat' dir='ltr'>utillud</span> <span class='ocrx_word' id='word_1_197' title='bbox 985 2978 1114 3040; x_wconf 90' lang='lat' dir='ltr'>quoque</span> <span class='ocrx_word' id='word_1_198' title='bbox 1139 2955 1271 3023; x_wconf 86' lang='lat' dir='ltr'>falsario</span> <span class='ocrx_word' id='word_1_199' title='bbox 1296 2966 1344 3022; x_wconf 89' lang='lat' dir='ltr'>at-</span> 
     </span>
     <span class='ocr_line' id='line_1_25' title="bbox 171 3063 1344 3150; baseline 0.001 -22"><span class='ocrx_word' id='word_1_200' title='bbox 171 3066 322 3130; x_wconf 87' lang='lat' dir='ltr'>tribuam.</span> <span class='ocrx_word' id='word_1_201' title='bbox 370 3064 478 3128; x_wconf 90' lang='lat' dir='ltr'>Huius</span> <span class='ocrx_word' id='word_1_202' title='bbox 509 3065 593 3128; x_wconf 91' lang='lat' dir='ltr'>enim</span> <span class='ocrx_word' id='word_1_203' title='bbox 622 3066 691 3128; x_wconf 91' lang='lat' dir='ltr'>sine</span> <span class='ocrx_word' id='word_1_204' title='bbox 725 3064 823 3128; x_wconf 88' lang='lat' dir='ltr'>dubio</span> <span class='ocrx_word' id='word_1_205' title='bbox 848 3064 984 3128; x_wconf 91' lang='lat' dir='ltr'>multum</span> <span class='ocrx_word' id='word_1_206' title='bbox 1017 3063 1164 3128; x_wconf 85' lang='lat' dir='ltr'>interfuit</span> <span class='ocrx_word' id='word_1_207' title='bbox 1197 3086 1344 3150; x_wconf 80' lang='lat' dir='ltr'>narrare,</span> 
     </span>
     <span class='ocr_line' id='line_1_26' title="bbox 171 3169 1347 3255; baseline 0.002 -20"><span class='ocrx_word' id='word_1_208' title='bbox 171 3173 269 3236; x_wconf 90' lang='lat' dir='ltr'>etiam</span> <span class='ocrx_word' id='word_1_209' title='bbox 290 3169 483 3235; x_wconf 83' lang='lat' dir='ltr'>Acusilaum</span> <span class='ocrx_word' id='word_1_210' title='bbox 516 3192 556 3234; x_wconf 87' lang='lat' dir='ltr'>ex</span> <span class='ocrx_word' id='word_1_211' title='bbox 588 3171 718 3236; x_wconf 88' lang='lat' dir='ltr'>Boeotia</span> <span class='ocrx_word' id='word_1_212' title='bbox 742 3171 899 3255; x_wconf 85' lang='lat' dir='ltr'>originem</span> <span class='ocrx_word' id='word_1_213' title='bbox 931 3171 1071 3253; x_wconf 82' lang='lat' dir='ltr'>duxisse,</span> <span class='ocrx_word' id='word_1_214' title='bbox 1103 3178 1139 3235; x_wconf 89' lang='lat' dir='ltr'>ut</span> <span class='ocrx_word' id='word_1_215' title='bbox 1169 3174 1347 3237; x_wconf 89' lang='lat' dir='ltr'>necessitu-</span> 
     </span>
    </p>
   </div>
   <div class='ocr_carea' id='block_1_4' title="bbox 170 3366 1347 4325">
    <p class='ocr_par' dir='ltr' id='par_1_6' title="bbox 171 3366 1345 3699">
     <span class='ocr_line' id='line_1_27' title="bbox 260 3366 1343 3438; baseline 0.004 -21"><span class='ocrx_word' id='word_1_216' title='bbox 260 3368 412 3438; x_wconf 74' lang='lat' dir='ltr'>1⁴³)St1un.</span> <span class='ocrx_word' id='word_1_217' title='bbox 433 3370 468 3418; x_wconf 85' lang='lat' dir='ltr'>Ill</span> <span class='ocrx_word' id='word_1_218' title='bbox 487 3369 512 3429; x_wconf 83' lang='lat'>2,</span> <span class='ocrx_word' id='word_1_219' title='bbox 533 3368 567 3419; x_wconf 87' lang='grc'>12</span> <span class='ocrx_word' id='word_1_220' title='bbox 587 3383 611 3432; x_wconf 86' lang='lat' dir='ltr'>p.</span> <span class='ocrx_word' id='word_1_221' title='bbox 626 3366 691 3430; x_wconf 75' lang='lat'>4043</span> <span class='ocrx_word' id='word_1_222' title='bbox 713 3371 830 3432; x_wconf 66' lang='lat' dir='ltr'>llesyclr.</span> <span class='ocrx_word' id='word_1_223' title='bbox 851 3386 873 3420; x_wconf 88' lang='lat' dir='ltr'>s.</span> <span class='ocrx_word' id='word_1_224' title='bbox 888 3386 912 3420; x_wconf 80' lang='lat' dir='ltr'>v,</span> <span class='ocrx_word' id='word_1_225' title='bbox 927 3369 1139 3438; x_wconf 78' lang='grc' dir='ltr'><strong><em>Ἀργοβίαντον.</em></strong></span> <span class='ocrx_word' id='word_1_226' title='bbox 1158 3398 1189 3407; x_wconf 96' lang='grc'>-</span> <span class='ocrx_word' id='word_1_227' title='bbox 1212 3371 1250 3422; x_wconf 88' lang='lat' dir='ltr'>Cl.</span> <span class='ocrx_word' id='word_1_228' title='bbox 1271 3372 1343 3434; x_wconf 90' lang='lat' dir='ltr'>Lips.</span> 
     </span>
     <span class='ocr_line' id='line_1_28' title="bbox 173 3459 1342 3522; baseline 0.001 -13"><span class='ocrx_word' id='word_1_229' title='bbox 173 3464 188 3512; x_wconf 91' lang='grc' dir='ltr'>Ι.</span> <span class='ocrx_word' id='word_1_230' title='bbox 207 3463 224 3514; x_wconf 91' lang='lat' dir='ltr'>l.</span> <span class='ocrx_word' id='word_1_231' title='bbox 245 3462 359 3511; x_wconf 85' lang='lat' dir='ltr'>Cramer</span> <span class='ocrx_word' id='word_1_232' title='bbox 378 3460 411 3508; x_wconf 86' lang='lat' dir='ltr'>ad</span> <span class='ocrx_word' id='word_1_233' title='bbox 434 3459 576 3507; x_wconf 79' lang='lat' dir='ltr'>Strabonis</span> <span class='ocrx_word' id='word_1_234' title='bbox 597 3459 613 3509; x_wconf 87' lang='lat' dir='ltr'>l.</span> <span class='ocrx_word' id='word_1_235' title='bbox 633 3472 670 3507; x_wconf 87' lang='lat' dir='ltr'>c.:</span> <span class='ocrx_word' id='word_1_236' title='bbox 693 3497 715 3522; x_wconf 87' lang='lat'>„.</span> <span class='ocrx_word' id='word_1_237' title='bbox 737 3496 742 3507; x_wconf 91' lang='lat'>.</span> <span class='ocrx_word' id='word_1_238' title='bbox 763 3496 768 3507; x_wconf 91' lang='lat'>.</span> <span class='ocrx_word' id='word_1_239' title='bbox 790 3498 796 3509; x_wconf 85' lang='lat'><em>.</em></span> <span class='ocrx_word' id='word_1_240' title='bbox 816 3460 882 3521; x_wconf 86' lang='lat' dir='ltr'>quid</span> <span class='ocrx_word' id='word_1_241' title='bbox 904 3459 1001 3508; x_wconf 75' lang='lat' dir='ltr'>Strabo</span> <span class='ocrx_word' id='word_1_242' title='bbox 1021 3459 1172 3522; x_wconf 81' lang='lat' dir='ltr'>scripserit,</span> <span class='ocrx_word' id='word_1_243' title='bbox 1194 3460 1342 3510; x_wconf 85' lang='lat' dir='ltr'>incertissi-</span> 
     </span>
     <span class='ocr_line' id='line_1_29' title="bbox 172 3548 1345 3614; baseline -0.001 -13"><span class='ocrx_word' id='word_1_244' title='bbox 172 3566 247 3601; x_wconf 87' lang='lat' dir='ltr'>mum</span> <span class='ocrx_word' id='word_1_245' title='bbox 268 3549 338 3600; x_wconf 85' lang='lat' dir='ltr'>est“.</span> <span class='ocrx_word' id='word_1_246' title='bbox 377 3548 497 3614; x_wconf 83' lang='lat' dir='ltr'>„Omnes</span> <span class='ocrx_word' id='word_1_247' title='bbox 517 3548 685 3596; x_wconf 66' lang='lat' dir='ltr'>coniecturae.</span> <span class='ocrx_word' id='word_1_248' title='bbox 705 3548 739 3596; x_wconf 87' lang='lat' dir='ltr'>ad</span> <span class='ocrx_word' id='word_1_249' title='bbox 759 3549 968 3597; x_wconf 73' lang='lat' dir='ltr'>resarciendum</span> <span class='ocrx_word' id='word_1_250' title='bbox 989 3549 1063 3598; x_wconf 89' lang='lat' dir='ltr'>hunc</span> <span class='ocrx_word' id='word_1_251' title='bbox 1083 3550 1175 3599; x_wconf 89' lang='lat' dir='ltr'>locum</span> <span class='ocrx_word' id='word_1_252' title='bbox 1195 3551 1345 3612; x_wconf 82' lang='lat' dir='ltr'>propositae</span> 
     </span>
     <span class='ocr_line' id='line_1_30' title="bbox 171 3637 764 3699; baseline -0.007 -9"><span class='ocrx_word' id='word_1_253' title='bbox 171 3640 367 3690; x_wconf 70' lang='lat' dir='ltr'>incertissimus</span> <span class='ocrx_word' id='word_1_254' title='bbox 387 3642 453 3687; x_wconf 85' lang='lat' dir='ltr'>suut</span> <span class='ocrx_word' id='word_1_255' title='bbox 472 3652 504 3686; x_wconf 84' lang='lat' dir='ltr'>ac</span> <span class='ocrx_word' id='word_1_256' title='bbox 524 3651 622 3699; x_wconf 86' lang='lat' dir='ltr'>parurn</span> <span class='ocrx_word' id='word_1_257' title='bbox 642 3637 764 3686; x_wconf 83' lang='lat' dir='ltr'>selices“.</span> 
     </span>
    </p>

    <p class='ocr_par' dir='ltr' id='par_1_7' title="bbox 170 3717 1347 4060">
     <span class='ocr_line' id='line_1_31' title="bbox 259 3717 1347 3796; baseline 0.001 -19"><span class='ocrx_word' id='word_1_258' title='bbox 259 3725 304 3792; x_wconf 73' lang='grc'>144)</span> <span class='ocrx_word' id='word_1_259' title='bbox 325 3727 363 3779; x_wconf 86' lang='lat' dir='ltr'>Cs.</span> <span class='ocrx_word' id='word_1_260' title='bbox 383 3727 439 3776; x_wconf 82' lang='grc' dir='ltr'>Αιϊ.</span> <span class='ocrx_word' id='word_1_261' title='bbox 460 3727 508 3774; x_wconf 88' lang='lat' dir='ltr'>lln.</span> <span class='ocrx_word' id='word_1_262' title='bbox 529 3727 574 3775; x_wconf 81' lang='lat' dir='ltr'>Vll</span> <span class='ocrx_word' id='word_1_263' title='bbox 594 3724 636 3786; x_wconf 81' lang='lat'>19,</span> <span class='ocrx_word' id='word_1_264' title='bbox 664 3725 693 3776; x_wconf 84' lang='lat'>2:</span> <span class='ocrx_word' id='word_1_265' title='bbox 719 3725 767 3776; x_wconf 78' lang='grc' dir='ltr'>καὶ</span> <span class='ocrx_word' id='word_1_266' title='bbox 787 3726 835 3790; x_wconf 79' lang='grc' dir='ltr'>τὰς</span> <span class='ocrx_word' id='word_1_267' title='bbox 853 3717 1013 3794; x_wconf 73' lang='lat' dir='ltr'>‘Appodlov</span> <span class='ocrx_word' id='word_1_268' title='bbox 1038 3726 1086 3777; x_wconf 79' lang='lat' dir='ltr'>nal</span> <span class='ocrx_word' id='word_1_269' title='bbox 1106 3725 1347 3796; x_wconf 82' lang='grc' dir='ltr'><strong><em>Ἀριστογείτονος</em></strong></span> 
     </span>
     <span class='ocr_line' id='line_1_32' title="bbox 170 3811 1346 3884; baseline -0.003 -15"><span class='ocrx_word' id='word_1_270' title='bbox 170 3819 284 3882; x_wconf 79' lang='grc' dir='ltr'><strong><em>εἰκόνας</em></strong></span> <span class='ocrx_word' id='word_1_271' title='bbox 304 3815 352 3880; x_wconf 80' lang='grc' dir='ltr'>τὰς</span> <span class='ocrx_word' id='word_1_272' title='bbox 370 3813 483 3883; x_wconf 81' lang='grc' dir='ltr'><strong><em>χαλκᾶς</em></strong></span> <span class='ocrx_word' id='word_1_273' title='bbox 496 3815 568 3866; x_wconf 80' lang='grc' dir='ltr'><em>οὕτω</em></span> <span class='ocrx_word' id='word_1_274' title='bbox 582 3813 696 3884; x_wconf 78' lang='grc' dir='ltr'><em>λέγεται</em></span> <span class='ocrx_word' id='word_1_275' title='bbox 711 3813 910 3883; x_wconf 74' lang='grc' dir='ltr'><strong><em>ἀπενεχθῆναι</em></strong></span> <span class='ocrx_word' id='word_1_276' title='bbox 925 3816 1017 3867; x_wconf 82' lang='grc' dir='ltr'>ὀπίσω</span> <span class='ocrx_word' id='word_1_277' title='bbox 1037 3816 1065 3880; x_wconf 77' lang='grc' dir='ltr'>ἐς</span> <span class='ocrx_word' id='word_1_278' title='bbox 1085 3811 1212 3882; x_wconf 73' lang='grc' dir='ltr'><strong><em>Ἀθήνας</em></strong></span> <span class='ocrx_word' id='word_1_279' title='bbox 1231 3816 1279 3867; x_wconf 77' lang='grc' dir='ltr'>καὶ</span> <span class='ocrx_word' id='word_1_280' title='bbox 1299 3821 1346 3883; x_wconf 77' lang='grc' dir='ltr'>τῆς</span> 
     </span>
     <span class='ocr_line' id='line_1_33' title="bbox 170 3899 1347 3976; baseline -0.003 -18"><span class='ocrx_word' id='word_1_281' title='bbox 170 3902 336 3976; x_wconf 77' lang='grc' dir='ltr'><em>Ἀρτέμιδος</em></span> <span class='ocrx_word' id='word_1_282' title='bbox 354 3909 402 3970; x_wconf 77' lang='grc' dir='ltr'>τῆς</span> <span class='ocrx_word' id='word_1_283' title='bbox 421 3901 566 3967; x_wconf 76' lang='grc' dir='ltr'><strong><em>Κελκαίας</em></strong></span> <span class='ocrx_word' id='word_1_284' title='bbox 585 3903 615 3953; x_wconf 80' lang='grc' dir='ltr'>τὸ</span> <span class='ocrx_word' id='word_1_285' title='bbox 634 3901 697 3968; x_wconf 76' lang='grc' dir='ltr'><strong><em>ἕδος</em></strong></span> <span class='ocrx_word' id='word_1_286' title='bbox 716 3901 880 3969; x_wconf 77' lang='grc' dir='ltr'><strong><em>(Κελκαίας</em></strong></span> <span class='ocrx_word' id='word_1_287' title='bbox 904 3901 965 3954; x_wconf 80' lang='grc' dir='ltr'>ΑΒ.</span> <span class='ocrx_word' id='word_1_288' title='bbox 1004 3899 1093 3954; x_wconf 82' lang='lat' dir='ltr'>Ceteri</span> <span class='ocrx_word' id='word_1_289' title='bbox 1112 3919 1176 3953; x_wconf 90' lang='lat' dir='ltr'>cum</span> <span class='ocrx_word' id='word_1_290' title='bbox 1195 3905 1258 3956; x_wconf 87' lang='lat' dir='ltr'>Bas.</span> <span class='ocrx_word' id='word_1_291' title='bbox 1278 3903 1347 3973; x_wconf 80' lang='grc' dir='ltr'><em>Κερ-</em></span> 
     </span>
     <span class='ocr_line' id='line_1_34' title="bbox 172 3991 1345 4060; baseline -0.003 -13"><span class='ocrx_word' id='word_1_292' title='bbox 172 3998 262 4060; x_wconf 80' lang='grc' dir='ltr'><strong><em>καίας.</em></strong></span> <span class='ocrx_word' id='word_1_293' title='bbox 285 3991 403 4058; x_wconf 76' lang='grc' dir='ltr'><strong><em>Κελεάς</em></strong></span> <span class='ocrx_word' id='word_1_294' title='bbox 422 3994 450 4042; x_wconf 82' lang='lat' dir='ltr'>V.</span> <span class='ocrx_word' id='word_1_295' title='bbox 488 3992 525 4041; x_wconf 86' lang='lat' dir='ltr'>Cl.</span> <span class='ocrx_word' id='word_1_296' title='bbox 546 3993 692 4042; x_wconf 82' lang='lat' dir='ltr'>Wernicke</span> <span class='ocrx_word' id='word_1_297' title='bbox 712 4007 755 4055; x_wconf 89' lang='lat' dir='ltr'>ap.</span> <span class='ocrx_word' id='word_1_298' title='bbox 775 3993 959 4055; x_wconf 71' lang='lat' dir='ltr'>Pauly-wisa.</span> <span class='ocrx_word' id='word_1_299' title='bbox 980 4007 1002 4042; x_wconf 91' lang='lat' dir='ltr'>s.</span> <span class='ocrx_word' id='word_1_300' title='bbox 1023 4008 1047 4042; x_wconf 93' lang='lat' dir='ltr'>v.</span> <span class='ocrx_word' id='word_1_301' title='bbox 1069 3994 1188 4044; x_wconf 76' lang='lat' dir='ltr'>Artemis</span> <span class='ocrx_word' id='word_1_302' title='bbox 1208 4008 1234 4056; x_wconf 87' lang='lat' dir='ltr'>p.</span> <span class='ocrx_word' id='word_1_303' title='bbox 1254 3991 1345 4060; x_wconf 85' lang='lat'>1389).</span> 
     </span>
    </p>

    <p class='ocr_par' dir='ltr' id='par_1_8' title="bbox 171 4078 1347 4325">
     <span class='ocr_line' id='line_1_35' title="bbox 259 4078 1347 4148; baseline 0 -16"><span class='ocrx_word' id='word_1_304' title='bbox 259 4080 304 4146; x_wconf 52' lang='grc' dir='ltr'>1ν’ἱ)</span> <span class='ocrx_word' id='word_1_305' title='bbox 325 4079 461 4145; x_wconf 73' lang='lat' dir='ltr'>Gabittg.</span> <span class='ocrx_word' id='word_1_306' title='bbox 473 4082 520 4144; x_wconf 93' lang='lat' dir='ltr'>lp.</span> <span class='ocrx_word' id='word_1_307' title='bbox 534 4078 624 4147; x_wconf 70' lang='lat' dir='ltr'>346l7.</span> <span class='ocrx_word' id='word_1_308' title='bbox 640 4081 771 4131; x_wconf 85' lang='lat' dir='ltr'>Similiter</span> <span class='ocrx_word' id='word_1_309' title='bbox 781 4082 836 4131; x_wconf 85' lang='lat' dir='ltr'>iarn</span> <span class='ocrx_word' id='word_1_310' title='bbox 850 4083 960 4145; x_wconf 87' lang='lat' dir='ltr'>Lipsius</span> <span class='ocrx_word' id='word_1_311' title='bbox 971 4083 988 4133; x_wconf 89' lang='lat' dir='ltr'>l.</span> <span class='ocrx_word' id='word_1_312' title='bbox 1002 4096 1025 4131; x_wconf 92' lang='lat' dir='ltr'>c.</span> <span class='ocrx_word' id='word_1_313' title='bbox 1037 4097 1063 4148; x_wconf 92' lang='lat' dir='ltr'>p.</span> <span class='ocrx_word' id='word_1_314' title='bbox 1076 4082 1122 4134; x_wconf 82' lang='lat'>12:</span> <span class='ocrx_word' id='word_1_315' title='bbox 1138 4082 1234 4148; x_wconf 80' lang='lat' dir='ltr'>„Quod</span> <span class='ocrx_word' id='word_1_316' title='bbox 1245 4083 1269 4132; x_wconf 89' lang='lat' dir='ltr'>si</span> <span class='ocrx_word' id='word_1_317' title='bbox 1283 4084 1347 4146; x_wconf 91' lang='lat' dir='ltr'>quis</span> 
     </span>
     <span class='ocr_line' id='line_1_36' title="bbox 172 4170 1346 4235; baseline -0.001 -14"><span class='ocrx_word' id='word_1_318' title='bbox 172 4174 287 4224; x_wconf 77' lang='lat' dir='ltr'>fabellas</span> <span class='ocrx_word' id='word_1_319' title='bbox 307 4173 376 4221; x_wconf 86' lang='lat' dir='ltr'>istas</span> <span class='ocrx_word' id='word_1_320' title='bbox 396 4171 531 4235; x_wconf 84' lang='lat' dir='ltr'>prooemio</span> <span class='ocrx_word' id='word_1_321' title='bbox 550 4170 662 4218; x_wconf 86' lang='lat' dir='ltr'>cuidam</span> <span class='ocrx_word' id='word_1_322' title='bbox 675 4171 900 4233; x_wconf 81' lang='lat' dir='ltr'>genealogiarum</span> <span class='ocrx_word' id='word_1_323' title='bbox 920 4171 998 4219; x_wconf 86' lang='lat' dir='ltr'>libris</span> <span class='ocrx_word' id='word_1_324' title='bbox 1019 4171 1053 4219; x_wconf 88' lang='lat' dir='ltr'>ad</span> <span class='ocrx_word' id='word_1_325' title='bbox 1073 4172 1230 4234; x_wconf 84' lang='lat' dir='ltr'>augendam</span> <span class='ocrx_word' id='word_1_326' title='bbox 1250 4186 1346 4221; x_wconf 90' lang='lat' dir='ltr'>eorum</span> 
     </span>
     <span class='ocr_line' id='line_1_37' title="bbox 171 4259 1347 4325; baseline 0 -15"><span class='ocrx_word' id='word_1_327' title='bbox 171 4264 254 4313; x_wconf 83' lang='lat' dir='ltr'>tidem</span> <span class='ocrx_word' id='word_1_328' title='bbox 268 4261 415 4325; x_wconf 69' lang='lat' dir='ltr'>praemisso</span> <span class='ocrx_word' id='word_1_329' title='bbox 435 4261 554 4310; x_wconf 81' lang='lat' dir='ltr'>insertas</span> <span class='ocrx_word' id='word_1_330' title='bbox 569 4259 748 4322; x_wconf 87' lang='lat' dir='ltr'>indidemque</span> <span class='ocrx_word' id='word_1_331' title='bbox 762 4260 845 4309; x_wconf 86' lang='lat' dir='ltr'>etiam</span> <span class='ocrx_word' id='word_1_332' title='bbox 859 4260 893 4308; x_wconf 89' lang='lat' dir='ltr'>de</span> <span class='ocrx_word' id='word_1_333' title='bbox 908 4264 1022 4308; x_wconf 83' lang='lat' dir='ltr'>auctore</span> <span class='ocrx_word' id='word_1_334' title='bbox 1035 4274 1132 4309; x_wconf 85' lang='lat' dir='ltr'>eorum</span> <span class='ocrx_word' id='word_1_335' title='bbox 1146 4261 1347 4311; x_wconf 84' lang='lat' dir='ltr'>dubitationem</span> 
     </span>
    </p>
   </div>
   <div class='ocr_carea' id='block_1_5' title="bbox 172 4348 870 4412">
    <p class='ocr_par' dir='ltr' id='par_1_9' title="bbox 172 4348 870 4412">
     <span class='ocr_line' id='line_1_38' title="bbox 172 4348 870 4412; baseline 0 -13"><span class='ocrx_word' id='word_1_336' title='bbox 172 4356 264 4401; x_wconf 85' lang='lat' dir='ltr'>natum</span> <span class='ocrx_word' id='word_1_337' title='bbox 284 4365 349 4400; x_wconf 82' lang='lat' dir='ltr'>case</span> <span class='ocrx_word' id='word_1_338' title='bbox 368 4350 525 4410; x_wconf 80' lang='lat' dir='ltr'>coniecerit,</span> <span class='ocrx_word' id='word_1_339' title='bbox 545 4363 596 4412; x_wconf 88' lang='lat' dir='ltr'>ego</span> <span class='ocrx_word' id='word_1_340' title='bbox 617 4363 671 4397; x_wconf 89' lang='lat' dir='ltr'>uon</span> <span class='ocrx_word' id='word_1_341' title='bbox 692 4348 870 4411; x_wconf 87' lang='lat' dir='ltr'>impediam“.</span> 
     </span>
    </p>
   </div>
   <div class='ocr_carea' id='block_1_6' title="bbox 0 0 1692 5178">
    <p class='ocr_par' dir='ltr' id='par_1_10' title="bbox 0 0 1692 5178">
     <span class='ocr_line' id='line_1_39' title="bbox 0 0 1692 5178; baseline 0 0"><span class='ocrx_word' id='word_1_342' title='bbox 0 0 1692 5178; x_wconf 95' lang='lat' dir='ltr'> </span> 
     </span>
    </p>
   </div>
  </div>
 </body>
</html>
