3376 5178
661 402 879 465 -55-

182 596 216 655 et
246 593 414 657 oraculum
441 595 680 677 imperiumque
710 595 743 658 in
777 594 938 659 Troianos
969 593 1114 658 futurum
1146 595 1244 659 etiam
1277 595 1356 660 alibi

180 698 432 786 invenimus.¹²²)
464 701 592 784 Nempe
609 703 709 784 igitur
724 707 940 767 narraverant
956 700 1040 765 banc
1056 702 1239 766 versionem
1256 703 1356 785 scrip-

180 809 278 881 tores,
308 807 365 871 sed
389 809 577 873 narratione
602 809 725 891 primus
748 807 926 873 Acusilaus
949 808 996 873 ita
1021 829 1098 873 usus
1123 829 1194 873 esse
1217 807 1356 884 videtur,

181 918 218 975 ut
249 932 320 977 earn
356 937 487 980 calisam
522 915 676 980 redderet
707 915 953 980 concumbendi.
1000 915 1050 978 At
1082 915 1192 980 hercle
1224 916 1356 979 minime

181 1018 350 1084 miraberis
375 1042 448 1085 eum
467 1022 590 1086 oraculi
615 1027 647 1086 et
672 1022 908 1086 concubinatus
925 1022 1053 1087 sabulas
1070 1023 1277 1088 coniunxisse
1301 1021 1355 1105 (cf.

182 1125 242 1208 frg.
275 1130 340 1206 26).
388 1128 474 1192 Illud
512 1150 641 1211 quoque
670 1121 726 1216 ἤδη
749 1128 973 1216 παρηκμακότι
1002 1129 1228 1208 rationalismi,
1261 1151 1357 1212 quem

182 1232 329 1315 dicimus,
355 1235 480 1317 signum
505 1242 555 1299 est
578 1235 717 1319 ideoque
744 1233 936 1301 Acusilaum
960 1236 1035 1301 olet.

270 1339 434 1406 Venerem
458 1340 649 1406 Alexandro
672 1341 811 1407 Helenae
843 1342 1039 1407 desiderium
1071 1343 1187 1407 fecisse
1221 1349 1254 1407 et
1283 1365 1356 1407 eum

182 1447 215 1510 in
242 1444 405 1512 Graeciam
429 1448 471 1512 ad
495 1455 636 1513 amatam
659 1449 850 1533 rapiendam
879 1449 1061 1533 profectum
1085 1471 1157 1515 esse
1180 1450 1245 1514 iam
1269 1449 1357 1533 apud

181 1552 362 1618 Homerum
372 1553 426 1637 198)
452 1562 485 1620 et
507 1557 540 1619 in
566 1555 696 1640 Cypriis
721 1556 1006 1640 deprehendimus.
1040 1555 1124 1621 Haec
1147 1577 1223 1621 vero
1247 1578 1356 1638 causa,

183 1682 282 1743 quare
307 1662 369 1727 dea
392 1663 454 1727 hoc
471 1661 626 1746 effecerit,
649 1685 810 1748 nusquam
833 1664 896 1729 nisi
913 1664 975 1728 hoc
998 1663 1070 1728 loco
1094 1663 1188 1728 nobis
1205 1664 1356 1740 occurrit,

182 1770 278 1834 immo
304 1775 353 1834 est
369 1770 583 1835 directissime
608 1793 647 1834 ex
671 1770 860 1836 narratione
875 1770 1083 1854 praecedente
1100 1770 1257 1836 derivata.
1289 1769 1357 1835 Ia·

184 1898 246 1958 que
264 1877 363 1940 etiam
379 1877 449 1941 haec
465 1876 508 1942 ad
522 1877 715 1942 Acusilaum
731 1877 917 1943 referantur
933 1899 1066 1942 necesse
1083 1885 1142 1948 est.
1175 1877 1355 1960 Respuisse

183 1984 281 2065 igitur·
313 1983 442 2048 videtur
471 1991 584 2049 noster
614 1984 759 2049 fabulam
789 1984 877 2049 illam
908 1984 1084 2070 vulgarem,
1116 2005 1188 2067 quae
1218 1984 1357 2049 Helenae

184 2099 313 2174 raptum
339 2113 411 2155 cum
435 2090 618 2157 Alexandri
648 2091 767 2156 iudicio
791 2091 1010 2175 conjungebat
1039 2092 1099 2174 (ita
1122 2093 1187 2157 iam
1211 2089 1357 2176 Cypria).

271 2199 322 2262 Ex
347 2198 505 2264 vocabulo
528 2190 658 2285 ἁρπαγή
681 2220 746 2263 non
769 2198 846 2263 licet
870 2198 1075 2281 concludere,
1106 2197 1270 2262 Helenam
1293 2219 1358 2263 non

184 2326 243 2370 sua
267 2312 392 2389 sponte,
418 2305 475 2370 sed
499 2312 645 2371 coactam
670 2305 894 2370 Alexandrum
918 2311 1062 2370 secutam
1087 2326 1168 2370 esse.

274 2411 357 2477 Cum
381 2433 457 2476 vero
482 2419 597 2477 auctor
628 2419 699 2477 tota
722 2412 783 2477 hac
811 2412 1000 2477 narratione
1024 2411 1144 2475 fabulre
1178 2411 1358 2494 antiquitus

184 2518 314 2583 traditae
339 2525 546 2602 repugnaret,
572 2542 644 2602 quae
661 2518 825 2586 Venerem
842 2525 918 2584 ante
936 2517 1069 2583 Troiam
1086 2540 1125 2582 ex
1141 2517 1358 2582 Troianorum

184 2624 332 2708 partibus
356 2633 444 2691 stare
468 2628 601 2708 fecerat,
631 2627 793 2710 apposuit,
826 2625 914 2708 quod
938 2625 1051 2690 ultimo
1075 2626 1109 2689 in
1133 2625 1256 2690 scholio
1280 2624 1357 2706 legi-

185 2755 266 2806 mus.
315 2732 396 2817 Qure
420 2734 521 2818 igitur
549 2756 619 2798 cum
646 2754 685 2798 ex
715 2733 985 2800 antecedentibus
1018 2738 1197 2817 sequantur
1227 2752 1360 2796 necesse

184 2840 235 2921 sit,
262 2862 334 2904 cum
358 2846 519 2922 praterea
542 2839 626 2904 hanc
649 2840 809 2904 rationem
833 2861 1003 2905 causarum
1030 2840 1126 2905 rebus
1150 2837 1360 2922 adponenda-

185 2969 256 3010 rum
292 2954 390 3030 atque¹
428 2947 720 3029 discrepantiarum
756 2947 1001 3012 enodandarum
1031 2943 1189 3010 Acusilao
1220 2945 1359 3009 maxime

185 3055 351 3138 propriam
359 3054 490 3119 aliunde
499 3055 661 3137 cognitam
669 3054 858 3138 babeamus,
867 3075 940 3118 cum
948 3055 1080 3136 insuper
1089 3053 1176 3136 apud
1186 3052 1285 3117 alium
1293 3072 1359 3116 non

185 3161 344 3248 legantur,
377 3182 450 3226 cum
473 3162 613 3244 denique
642 3160 697 3245 (ad
720 3161 755 3225 id
779 3160 866 3245 quod
898 3161 1079 3224 invenimus
1103 3157 1358 3224 confirmandum

186 3269 424 3352 subscriptione
448 3270 496 3334 uti
520 3268 643 3352 licebit)
674 3267 821 3332 Acusilai
851 3287 969 3333 nomen
993 3266 1116 3332 scholio
1140 3265 1359 3348 subscriptum

187 3377 237 3452 sit,
262 3376 370 3441 facere
394 3397 460 3440 non
483 3397 615 3459 possum
636 3375 829 3458 quinetiam
853 3373 1025 3457 fragmenti
1042 3372 1139 3436 finem
1162 3370 1238 3435 indo
1263 3393 1282 3435 a
1304 3371 1360 3434 καὶ

120 3567 123 3572 Ι
184 3481 266 3565 μετὰ
291 3483 417 3549 auctori
441 3482 764 3550 nostro'adscribam.
798 3481 959 3545 Nimirum
977 3481 1126 3563 scriptor,
1151 3501 1224 3543 curn
1241 3479 1359 3544 rationi

188 3591 296 3655 omnia
319 3590 490 3674 tribueret,
519 3589 663 3654 fabulam
688 3610 760 3671 quae
783 3586 921 3652 Helenae
951 3588 1203 3652 simulacrum
1228 3585 1360 3650 Troiam

276 3811 320 3878 Μ)
342 3816 419 3863 Hom.
439 3813 466 3864 Ε
484 3813 534 3864 311
556 3828 594 3862 ss.
616 3811 639 3862 Υ
654 3811 707 3865 302
722 3827 759 3865 ss,
781 3818 856 3866 tcum
875 3812 1004 3861 versibus
1023 3809 1073 3862 307
1094 3818 1121 3861 et
1139 3809 1192 3861 308
1211 3811 1245 3862 cl.
1266 3811 1358 3873 hymn.

188 3905 265 3954 llom.
287 3905 320 3954 tv
339 3903 391 3956 196
410 3900 452 3969 s.).
499 3903 619 3951 Aeneam
640 3903 666 3951 iu
686 3902 820 3951 Troianos
840 3902 878 3965 (in
898 3901 996 3963 patria)
1016 3905 1196 3963 regnaturum
1216 3913 1280 3948 esse
1300 3899 1360 3947 Arc·

186 3995 235 4042 tini
255 4008 367 4056 quicque
387 3994 437 4042 lliu
458 3992 580 4041 Persidis
600 3992 722 4041 auctoris
743 3991 862 4040 narratio
881 3996 948 4051 erat,
969 3990 1046 4039 Ilion.
1066 3990 1125 4038 Hal.
1147 3990 1157 4037 l
1177 3987 1224 4051 533
1249 3988 1360 4037 Tzetzes

189 4085 249 4147 Lye.
270 4080 331 4134 970.
353 4110 379 4118 -
400 4082 466 4140 Quae
486 4086 579 4130 tamen
595 4081 689 4129 tabula
709 4094 762 4128 uon
783 4079 914 4128 omnibus
928 4077 1086 4128 communis
1106 4078 1155 4127 fuit
1169 4076 1359 4140 logographis:

188 4172 348 4220 llellunicus
368 4185 410 4218 cx.
431 4185 468 4232 gr.
489 4171 610 4219 Aeneam
637 4169 755 4217 navibus
783 4169 809 4216 iu
839 4167 941 4216 ltaliam
969 4171 1077 4214 vectum
1105 4180 1168 4214 osse
1195 4171 1362 4227 exposuerat

187 4262 247 4323 tlrg.
266 4259 301 4311 53
322 4259 387 4308 l‘llG
407 4257 490 4316 152).

277 4346 324 4416 ¹²³)
344 4350 372 4397 Γ
389 4348 447 4400 174.
469 4347 483 4399 ὁ
502 4347 562 4404 261.
583 4351 621 4399 Cl.
642 4349 670 4398 Γ
685 4347 744 4399 421.
