3376 5178
680 407 899 469 -35-

202 597 293 680 girus
317 597 445 662 rettulit
468 597 612 664 tabulam
635 598 736 683 Argis
760 599 935 682 vulgatam,
966 606 999 663 et
1022 620 1122 664 causa
1146 600 1187 664 ab
1212 621 1250 665 eo
1275 601 1376 668 allata

201 725 316 768 revera
339 704 465 789 Argiva
492 706 639 789 putanda
664 714 727 771 est:
758 707 843 772 Iuno
869 707 954 771 enim
978 708 1143 790 praecipue
1167 706 1268 792 Argis
1292 709 1376 773 cole-

201 810 309 879 batur.
355 811 396 876 In
421 814 541 878 ceteris
568 822 714 879 nostrum
745 836 817 878 cum
841 813 991 878 Hesiodo
1020 816 1224 880 consensisse
1249 837 1376 880 sumen·

129 987 132 992 ,
202 919 279 982 dum
303 925 362 999 est,
394 941 466 983 cum
492 921 720 1003 discrepantia,
752 921 815 984 nisi
847 922 965 985 ceteris
996 921 1093 985 rebus
1118 923 1374 1002 concinentibus

202 1025 346 1108 conspici
369 1048 433 1090 non
450 1028 621 1110 potuisset.
654 1025 860 1111 Quamquam
885 1027 1128 1092 concedendum
1153 1036 1212 1111 est,
1237 1029 1375 1094 Melam·

201 1130 306 1213 podis,
330 1133 470 1216 Dionysi
486 1134 636 1215 ministri,
662 1134 864 1198 sanationem
886 1141 956 1198 tum
973 1155 1038 1198 non
1060 1134 1182 1216 optime
1200 1134 1374 1218 quadrare.

202 1236 269 1303 Sed
293 1238 426 1304 fuerunt
448 1241 503 1323 qui
520 1240 756 1324 Aesculapium
780 1240 841 1305 hoc
865 1262 998 1305 munere
1022 1241 1169 1306 functum
1193 1262 1265 1306 esse
1290 1242 1374 1306 dice·

201 1351 284 1410 rent.
322 1345 424 1429 Apud
447 1348 679 1432 Bacchylidem
702 1347 752 1433 (X
775 1351 817 1412 95
832 1347 889 1432 ss.)
914 1347 1060 1413 Artemis
1084 1347 1183 1413 Lusis
1207 1349 1296 1413 culta
1319 1350 1376 1412 mi-

202 1475 291 1518 seras
317 1460 427 1537 sanat3
451 1454 670 1538 Melampodis
694 1455 816 1519 mentio
841 1477 906 1520 non
929 1454 976 1520 fit.

290 1560 432 1626 Proetus
445 1562 590 1645 Tiryntis
606 1584 663 1626 rex
681 1561 756 1629 fuit:
774 1562 940 1646 Argolicis
957 1563 1056 1644 igitur
1072 1563 1272 1646 genealogiis
1289 1563 1375 1647 frag·

201 1675 345 1732 mentum
370 1668 604 1733 adscribamus.

289 1828 390 1913 Frg.
413 1829 472 1893 23
496 1828 566 1914 (16)
590 1862 616 1881 =
640 1830 783 1895 Peucon.
808 1831 849 1894 ΙΙ
868 1830 916 1911 16,
942 1832 982 1895 4.·

290 1967 407 2058 ταύτην
423 1971 505 2058 (scil.
519 1969 665 2057 Μυκηνην
677 1971 839 2054 feminam,
857 1993 954 2054 quam
968 1978 1199 2036 commemorat
1210 1971 1376 2036 Homerus

199 2079 320 2162 pluo)
343 2073 427 2143 εἶναι
452 2083 618 2165 θυγατέρα
646 2069 775 2160 Ἰνάχου,
807 2089 940 2161 γυναῖκα
966 2076 999 2142 δὲ
1023 2069 1214 2165 Ἀρέστορος,
1244 2077 1285 2142 τά
1311 2076 1375 2166 έπη

199 2184 295 2268 λέγει,
326 2182 347 2249 ἃ
372 2183 409 2272 δὴ
423 2179 572 2272 Ἕλληνες
602 2185 752 2249 καλοῦσιν
774 2175 882 2261 Ἠοίας
904 2183 1065 2270 Μεγάλας·
1090 2177 1158 2251 άπὸ
1181 2184 1298 2272 ταύτης
1323 2173 1376 2250 οἷν

199 2295 362 2377 γεγονέναι
391 2291 446 2356 καὶ
476 2290 514 2358 τὸ
545 2285 645 2374 δνομα
676 2299 716 2378 τῇ
747 2290 843 2357 πόλει
875 2296 986 2379 φασίν.
1022 2289 1057 2357 ὃν
1080 2291 1114 2356 δέ
1138 2300 1376 2379 προσποιοῦσιν

195 2389 426 2485 Ἀκουσιλάῳ
457 2398 559 2485 λόγον,
591 2403 738 2486 Μυκηνέα
762 2397 831 2465 υἱὸν
854 2394 937 2464 εἶναι
961 2398 1164 2492 Σπάρτωνος,
1197 2398 1403 2484 Σπάρτωναυ

199 2505 233 2570 δέ
258 2510 438 2593 Φορωνέως,
469 2499 525 2572 oriz
554 2503 593 2573 άν
624 2505 722 2592 έγωγε
751 2498 981 2594 άποδεξαίμην,
1013 2505 1098 2571 διότι
1120 2506 1198 2592 μηδὲ
1229 2499 1322 2571 αι’τοὶ
1346 2503 1376 2570 οἱ

200 2613 275 2699 (om.
309 2613 420 2700 Spiro)
457 2613 716 2696 Λακεδαιμόνιοι.
748 2613 1017 2696 Λακεδαιμονίοις
1046 2612 1108 2698 γάρ
1139 2612 1289 2700 Σπάρτης
1318 2612 1377 2694 μὲν

199 2720 347 2804 γυναικὸς
362 2719 457 2786 εἰκών
473 2720 560 2788 ἐστιν
583 2719 616 2787 ἒν
631 2716 815 2805 Ἀμύκλαις,
841 2719 1022 2806 Σπάρτωνα
1037 2720 1071 2785 δέ
1088 2724 1259 2808 Φορωνέως
1275 2720 1377 2786 παῖδα

199 2827 400 2912 θαυμάζοιεν
422 2826 462 2895 άν
485 2831 539 2894 καὶ
562 2821 660 2917 άρχὴν
683 2822 888 2906 οἶκοί-σαντες.

289 2975 327 3026 Cl.
347 2975 471 3024 Eustatlr.
498 2975 576 3024 llom.
603 2972 695 3025 3569
721 2988 747 3036 p.
767 2971 828 3052 289,
866 2973 914 3023 47:
939 2974 1044 3023 τούτων
1070 2970 1100 3023 δέ
1125 2975 1143 3038 ἡ
1170 2973 1226 3041 μέν
1251 2970 1376 3039 Μυκήνη

198 3061 351 3128 ἀπότινος
375 3065 497 3133 νύμφης,
526 3064 605 3132 φασί,
629 3061 799 3129 Λακωνικῆς
822 3059 981 3130 ὠνομάσθη
1004 3064 1022 3128 ἢ
1048 3061 1105 3112 ἀπὸ
1125 3059 1285 3128 Μυκηνέως
1311 3063 1377 3111 υἱοῦ

199 3149 381 3221 Σπάρτωνος,
400 3151 530 3223 ἀδελφοῦ
552 3151 713 3222 Φορωνέως,
732 3155 750 3218 ἢ
770 3149 830 3202 κτλ.

289 3239 315 3294 3,
334 3238 433 3307 Ἠοίας
451 3240 501 3305 Ml
522 3244 586 3294 Hes,
607 3244 655 3305 lrg.
676 3240 736 3292 146.

286 3330 311 3383 4.
331 3331 438 3398 φάοιον
456 3332 516 3380 libri
536 3332 615 3399 φασί,
636 3332 670 3380 ὃν
693 3331 792 3380 Facius
819 3330 922 3379 ἀκοῦον
947 3330 1018 3390 libri,
1046 3343 1099 3379 em.
1119 3329 1235 3378 Person.
1274 3328 1375 3390 Recepi

334 3421 450 3468 Porsoni
479 3421 711 3470 emendationem.
738 3447 765 3455 -
793 3419 893 3468 Confer
918 3419 1059 3480 quomodo
1086 3417 1228 3467 Menandri
1256 3417 1375 3466 rhetoris

334 3510 413 3558 locus
433 3510 551 3558 traditus
571 3510 620 3558 sit:
641 3510 704 3557 adn.
725 3507 786 3560 167.

288 3597 354 3650 bae.
375 3597 536 3666 Σπάρτωνα
557 3595 587 3648 δέ
611 3626 637 3633 -
658 3599 691 3647 ἐν
713 3594 878 3666 Ἀμύκλαις
899 3610 955 3645 om.
978 3597 1025 3657 Va,
1047 3596 1163 3659 margini
1187 3595 1309 3644 inferiori
1332 3595 1377 3643 ad·

335 3688 440 3750 scripta
459 3694 533 3737 sunt.

289 3776 314 3830 6.
334 3776 541 3845 ἀποδεξαίμην]
562 3775 775 3845 ἀποδειξαίμην
794 3777 846 3827 Vb.

289 3900 429 3966 Porsoni
453 3902 641 3966 coniectura
664 3899 927 3983 probabilissima
952 3905 1010 3963 est.
1047 3896 1099 3962 cf.
1124 3898 1199 3962 adn.
1227 3899 1277 3960 18.
1311 3896 1377 3961 Ac·

199 4008 286 4073 cedit
303 4008 390 4092 quod
408 4009 505 4073 etiam
522 4009 574 4073 hic
592 4008 834 4072 contentionem
851 4012 950 4089 atque
967 4005 1244 4088 comparationem
1268 4004 1376 4086 operis

198 4116 295 4196 vulgo
326 4115 485 4180 Hesiodei
518 4115 621 4179 babiti
653 4135 724 4178 cum
749 4113 904 4178 Acusilao
930 4133 1000 4176 esse
1030 4111 1188 4179 videmus.
1235 4111 1376 4193 Deinde,

198 4229 237 4287 ut
259 4223 347 4305 quod
371 4223 414 4286 sit
436 4224 546 4306 magni
563 4222 716 4286 momenti
734 4221 847 4299 dicam,
873 4218 1037 4285 sententia
1061 4223 1165 4284 totum
1182 4216 1376 4282 Acusilaum

198 4329 276 4396 olet.
325 4328 426 4394 Ouius
461 4352 501 4394 ex
531 4334 639 4393 mente
671 4329 755 4392 enim
778 4327 959 4410 Myceneus
989 4325 1092 4407 (urbis
1116 4345 1233 4408 nempe
1258 4344 1377 4408 epony·
