3376 5178
820 419 1037 478 -ρρ--

434 608 500 694 Sed
523 610 557 672 iu
583 609 791 692 „antiquum“
825 610 954 692 qualem
984 610 1257 692 deprehendimus
1287 611 1417 674 minime
1441 632 1519 692 qua·

344 716 441 782 drant
473 738 545 798 quae
577 715 696 781 Suidas
727 715 768 781 de
799 715 957 780 Acusilao
988 717 1152 781 memoriae
1182 717 1329 783 tradidit.
1377 714 1518 780 Omnino

343 842 438 887 nemo
463 844 535 905 quae
568 823 717 888 manibus
740 830 889 888 tenemus
915 823 1099 907 fragmenta
1129 826 1238 907 operis
1262 822 1420 888 Acusilao
1445 823 1520 888 sub-

343 928 404 993 diti
417 950 489 994 esse
503 929 689 994 inanimum
702 929 894 1012 induxisset,
915 931 978 994 nisi
998 927 1139 994 Suidas
1151 929 1380 1015 (Porphyrius
1401 929 1519 994 Rhode

343 1035 407 1101 Rh.
424 1035 471 1099 M.
490 1034 661 1100 XXXIII
678 1059 709 1119 p.
730 1039 802 1116 171,
827 1038 856 1118 1)
881 1036 1097 1118 suspicionem
1114 1039 1269 1101 movisset
1291 1036 1380 1100 hisce
1398 1034 1519 1100 verbis:

433 1165 457 1206 s,
483 1165 509 1206 v.
534 1141 710 1218 Ἑκαταῖος,
732 1139 965 1229 Ἡγησάνδρου,
996 1140 1178 1231 Μιλήσιος,
1204 1142 1311 1228 γέγονε
1334 1140 1415 1207 κατὰ
1440 1138 1520 1214 roris·

345 1251 492 1336 Δαρείου
520 1249 657 1334 χρόνους
680 1251 738 1314 του
766 1247 848 1330 μετὰ
881 1246 1067 1335 Καμβύσην
1090 1247 1356 1334 βασιλεύσαντος,
1385 1245 1440 1314 ὅτε
1463 1250 1518 1314 καί

345 1353 526 1428 Διονύσιος
540 1349 575 1443 ἦν
587 1355 604 1423 δ
614 1354 795 1443 Μιλήσιος,
809 1357 867 1423 eset
883 1357 938 1442 τῆς
952 1353 993 1430 ἔτ’
1005 1353 1237 1438 Ὀλυμπιάδος,
1251 1354 1518 1444 ἱστοριογράφος.

342 1443 519 1548 ιΗρόδοτοι,Ι
547 1463 582 1530 δὲ
606 1462 623 1528 δ
651 1462 904 1548 Ἁλικαρνασεὺς
933 1459 1099 1551 ιδιρὲλιμαι
1132 1459 1252 1530 τούτου
1278 1461 1435 1547 νειιίτερος
1464 1461 1518 1531 dio.

343 1572 397 1635 καὶ
424 1561 459 1655 ἦν
481 1564 641 1656 ιίκουσιιῖς
663 1569 887 1655 Πρωταγόρου
909 1569 926 1638 δ
950 1571 1126 1644 Ἑκαταῖος.
1156 1571 1286 1654 πρῶτοςΙ
1311 1569 1345 1636 δὲ
1372 1568 1521 1653 ἱστορίαν

344 1673 451 1754 areima·
479 1675 637 1762 ἐξήνεγκε·
662 1675 850 1764 συγγραιγῆν
878 1678 912 1745 δὲ
941 1676 1135 1762 Φερεκύδης.
1171 1673 1214 1740 τα
1242 1673 1311 1760 γαρ
1333 1674 1519 1742 Ἀκουσι-

343 1779 500 1868 tdov¹³¹>
524 1781 748 1851 νοίίειίεται.

432 1888 483 1953 Ιδ.
510 1913 533 1954 s.
560 1913 588 1956 v.
620 1897 827 1977 Συγγραφεῑς
851 1940 856 1952 .
876 1943 882 1956 .
901 1943 908 1956 .
927 1943 934 1956 .
952 1888 1021 1957 Ὅτι
1055 1890 1226 1962 ‘anamim
1258 1890 1387 1974 πρῶτος
1419 1889 1519 1956 ίστο-

344 1997 416 2080 ρίαν
438 1999 506 2062 κτλ.

433 2103 485 2166 Id.
516 2127 540 2168 s.
571 2126 599 2168 v.
631 2102 810 2191 Ἱστορῆσαι
919 2104 1032 2169 eadem
1064 2104 1173 2187 glossa
1203 2104 1278 2168 olim
1311 2101 1519 2167 adhaerebat:

343 2208 375 2277 ‘O
399 2208 570 2283 Ἑκαταῖος
595 2211 725 2296 πρῶτος
749 2209 894 2296 ἱστορίαν
917 2214 983 2277 κτλ.

432 2317 483 2381 Id.
507 2341 531 2385 s.
552 2341 581 2381 v.
605 2315 826 2390 Ἀκουσίλαος.
856 2317 954 2401 Καρία
976 2317 1059 2396 υἱός,
1085 2309 1242 2402 Ἀργεῖος,
1266 2309 1334 2383 eiad
1351 2312 1521 2401 Κερκάδος

344 2423 475 2497 πόλεως
510 2422 609 2510 οίίσιγς
640 2422 787 2498 Αὐλίδος
823 2425 975 2511 ττλιγσίσν,
1007 2422 1170 2509 ἱστορικὸς
1199 2421 1436 2508 πρεσβύτατος.
1476 2419 1520 2488 ἔ-

343 2545 468 2618 γραφε
493 2531 534 2598 δὲ
554 2533 816 2616 Γενεαλογίας
839 2533 878 2598 ἐκ
902 2531 1046 2599 δέλτων
1069 2531 1229 2612 χαλκῶν,
1253 2527 1426 2614 ίίςλόγος
1450 2525 1519 2594 εδ-

343 2644 426 2723 ρεῖν
454 2635 519 2703 τδν
548 2637 694 2724 πατέρα
725 2635 845 2703 αὐτοῦ
876 2629 1064 2722 ὀρύξαντα
1096 2664 1182 2704 τινα
1212 2636 1334 2703 τιίττον
1362 2636 1431 2721 τῆς
1456 2635 1520 2701 οἰ-

343 2746 429 2818 κίας
453 2741 644 2829 αδ’τοῦ1”).

432 2852 508 2916 Non
533 2851 638 2915 audeo
661 2851 835 2916 Pausaniae
860 2852 1063 2916 enuntiatum
1088 2851 1201 2936 (Aous.
1227 2851 1287 2934 frg.
1313 2850 1399 2916 231,
1425 2849 1520 2933 iss.)

343 2960 389 3023 ita
404 2959 626 3041 interpretari,
651 2965 688 3022 ut
700 2957 809 3023 Suidae
823 2959 1043 3022 testimouium
1057 2959 1276 3043 confirmetur,
1301 2959 1421 3040 quippe
1446 2978 1519 3021 eum

342 3067 512 3149 periegeta
535 3085 601 3128 non
618 3064 811 3129 Acusilaum
828 3065 1026 3148 genealogiae
1044 3072 1209 3130 auctorem
1225 3062 1396 3147 improbet,
1420 3064 1519 3126 immo

343 3179 479 3255 propter
503 3177 729 3254 argumentum
754 3178 899 3250 stemma,
928 3171 1078 3236 Acusilai
1103 3172 1179 3236 licet
1202 3173 1269 3236 sive
1293 3171 1438 3251 alterius,
1469 3192 1519 3233 re·

344 3279 435 3342 tutet.
484 3277 614 3342 Deinde
650 3299 756 3361 neque
789 3277 939 3360 Dionysii
971 3277 1048 3344 Hal.
1080 3302 1115 3342 ιι.
1149 3285 1239 3343 θουκ.
1272 3279 1379 3361 eapite
1412 3275 1519 3360 23153)

343 3385 483 3467 amphus
507 3384 693 3466 proficimus
717 3406 823 3468 neque
848 3385 978 3448 Tatiani
1002 3385 1093 3450 locus
1103 3384 1154 3468 131)
1179 3407 1238 3450 nos
1261 3385 1404 3448 adiuvat.

436 3555 481 3623 ¹³¹)
502 3557 531 3605 in
552 3557 682 3606 omnihus
703 3557 746 3605 his
761 3557 854 3606 Suidae
868 3557 937 3606 locis
951 3557 1122 3620 antiquiores
1136 3556 1272 3606 editiones
1286 3557 1418 3606 exhibent
1437 3554 1519 3624 Ἀγη-

344 3644 458 3710 σιλάου,
485 3647 559 3708 quod
587 3645 614 3693 in
641 3643 835 3698 ’Διτουστλδου
862 3646 1027 3695 mutandum
1056 3661 1120 3696 esse
1149 3647 1255 3710 primus
1284 3646 1352 3695 vidit
1370 3646 1450 3706 Voss,
1480 3646 1518 3693 Ite

345 3737 440 3786 histor.
462 3735 547 3785 Graec,
567 3736 609 3784 ie.
624 3734 639 3785 1
654 3750 680 3798 p.
692 3733 734 3796 13,
754 3733 804 3791 31;
825 3749 910 3797 quam
929 3736 1118 3798 conjecturam
1138 3736 1313 3785 verissimam
1332 3748 1397 3784 esse
1417 3734 1519 3783 iudice.

432 3821 476 3886 ¹³2)
497 3825 534 3878 Cf.
554 3838 618 3888 qum
645 3825 679 3874 de
699 3825 857 3888 Pherecyde
885 3826 1016 3887 exposuit
1043 3825 1117 3874 idem
1137 3825 1238 3874 Suidas
1258 3839 1280 3876 s.
1301 3839 1324 3872 v.
1348 3819 1518 3892 Φερεκύδης.

436 3909 477 3976 ¹³³)
497 3912 561 3963 οὔτε
580 3912 635 3982 γὰρ
653 3911 840 3978 διασῴζονται
861 3917 916 3963 τῶν
934 3910 1082 3963 πλειόνων
1100 3912 1130 3963 αί
1150 3913 1257 3981 γραφαί
1271 3915 1357 3980 μέχρι
1378 3915 1433 3961 τῶν
1452 3907 1518 3961 καθ’

343 4006 419 4071 ἡμᾶς
437 4003 557 4070 χρόνων,
587 4001 651 4054 οὔδ’
671 4009 702 4053 αἱ
725 4000 935 4070 διασῳζόμεναι
955 4002 1034 4070 παρὰ
1053 4007 1143 4052 πᾶσιν
1162 4004 1199 4065 ὡς
1218 4003 1337 4052 ἐκείνων
1360 4001 1444 4051 οὖσαι
1465 4004 1520 4051 τῶν

343 4090 457 4159 ἀνδρῶν
475 4092 664 4142 πιστεύονται·
693 4094 725 4142 ἐν
744 4091 789 4154 αίς
807 4092 883 4141 εἰσιν
901 4092 934 4141 αί
952 4109 979 4142 τε
999 4090 1116 4160 Κάδμου
1135 4097 1182 4141 τοῦ
1206 4089 1356 4157 Μιλησίου
1376 4089 1424 4140 καί
1444 4088 1520 4158 Ἀρτ-

343 4183 441 4232 σταίου
462 4186 510 4232 τοῦ
529 4179 750 4251 Προκοννησίου
770 4180 818 4231 καὶ
838 4184 894 4230 τῶν
912 4179 1129 4248 παραπλησίων
1147 4183 1261 4244 τούτοις.

432 4269 477 4339 ¹³⁴)
496 4271 570 4323 Orat.
589 4277 686 4321 eontra
702 4271 787 4320 Graec.
802 4285 824 4322 e.
838 4269 887 4320 24:
908 4271 1073 4338 additional
1088 4270 1120 4320 τὰ
1134 4268 1366 4321 ’Διτουστλάου
1388 4259 1519 4336 (Ἡγησι-

343 4359 418 4412 λάου
437 4360 528 4426 eodd.)
548 4357 783 4429 μυθολογήματα
803 4398 809 4410 .
829 4397 835 4408 .
855 4397 862 4408 .
883 4397 888 4407 .
909 4364 1142 4427 παραχωρσῦμεν
1168 4362 1238 4426 ὑμῖν
1257 4359 1289 4409 τὰ
1307 4359 1348 4426 ph
1374 4354 1519 4425 ὠφέλιμα.
