3376 5178
814 428 1034 488 -42-

337 617 466 706 Χιόνην,
490 617 579 696 υἱοὺς
601 618 634 683 δὲ
657 617 758 707 Ζήτην
782 619 836 683 καὶ
859 617 982 684 Κάλαϊν
1005 617 1199 705 πτερωτούς,
1226 621 1257 683 οἳ
1280 619 1432 696 πλέοντες
1454 617 1512 684 σὺν

336 716 452 790 Ἰάσονι
480 727 535 791 καὶ
567 726 643 810 (del.
668 727 833 809 Hercher)
863 725 922 802 τὰς
944 719 1107 812 ςΑρπνίας
1137 725 1305 803 διώκοντες
1335 723 1512 804 ἀπέθανον,

308 825 383 909 τώς
413 832 446 897 δὲ
477 825 732 910 Ἀκουσίλαος
762 834 856 919 λέγει,
887 834 963 919 περὶ
998 841 1094 920 Τῆνον
1116 826 1173 921 ὑφ’
1204 825 1390 919 Ἡρακλέους
1416 824 1512 898 α’πώ-

335 939 437 1005 λοντο.

427 1102 450 1155 1.
470 1102 642 1168 παίζουσαν]
664 1103 803 1156 Staueren.
825 1106 869 1166 (ct.
889 1105 956 1154 Plat.
977 1105 1084 1154 Phaedr.
1105 1119 1130 1166 p.
1151 1101 1203 1156 229
1222 1104 1255 1164 C;
1283 1104 1365 1155 Paus,
1387 1101 1459 1163 119,
1480 1101 1510 1163 6;

471 1194 557 1242 schol.
578 1193 664 1255 Apoll.
685 1194 735 1242 Ru.
757 1195 778 1241 Α
797 1191 847 1246 211
868 1194 925 1256 fin.)
946 1197 1081 1262 περῶοαν
1099 1195 1128 1246 Α.

427 1333 585 1418 Quaenam
601 1335 688 1399 inter
703 1335 887 1399 Hesiodum
904 1343 936 1400 et
953 1335 1146 1400 Acusilaum
1161 1337 1385 1402 intercesserit
1402 1356 1512 1399 neces-

336 1441 456 1524 situdo,
490 1443 568 1506 satis
593 1451 682 1507 certo
707 1443 877 1507 diiudicari
901 1445 1023 1527 nequit.
1070 1444 1146 1508 Hoc
1170 1451 1296 1509 tantum
1320 1443 1512 1524 monuerim,

336 1549 424 1632 apud
448 1556 579 1631 poetam
609 1571 737 1632 quoque
764 1549 937 1632 Aquilonis
967 1549 1052 1615 filios
1075 1573 1139 1615 non
1164 1553 1196 1614 in
1222 1551 1379 1634 Harpyiis
1402 1569 1510 1632 perse-

336 1655 475 1738 quendis
499 1663 603 1720 morte
628 1655 764 1720 afflictos
799 1657 905 1739 fuisse,
936 1657 993 1722 sed
1016 1657 1200 1722 Hesiodum
1223 1657 1423 1722 Mercurium
1448 1655 1511 1718 Iri·

337 1761 387 1825 dis
420 1762 491 1826 loco
526 1762 800 1848 introduxisse.⁸⁸)
847 1764 964 1828 Phinei
999 1764 1142 1828 fabulam
1172 1765 1213 1829 ab
1241 1763 1400 1828 Acusilao
1435 1784 1511 1825 nar-

337 1876 442 1932 ratam
475 1890 545 1934 esse
576 1871 644 1934 veri
676 1870 780 1935 simile
813 1893 877 1934 non
912 1879 976 1954 est3
1009 1871 1196 1954 discrepant
1228 1872 1312 1934 enirn
1344 1871 1384 1934 ab
1411 1891 1449 1933 ea
1480 1875 1512 1932 et

336 1998 409 2058 quae
434 1976 492 2058 frg.
518 1981 539 2040 4
563 1977 603 2040 de
627 1977 784 2061 Harpyiis
815 1978 916 2042 tradit
946 1985 978 2042 et
1008 2000 1080 2061 quae
1110 1986 1224 2042 nostro
1255 1978 1438 2062 fragmento
1471 1975 1512 2040 de

337 2083 524 2147 Boreadum
555 2085 690 2148 interitu
720 2092 842 2148 narrat.
891 2084 1057 2149 Fortassis
1087 2085 1231 2150 breviter
1264 2091 1392 2149 tantum
1427 2083 1512 2167 frag-

336 2195 446 2254 mento
471 2190 679 2254 antecedenti
710 2191 876 2272 annexuit,
908 2189 1107 2272 Aquilonem
1137 2213 1209 2254 cum
1235 2189 1405 2272 Oreithyia
1428 2187 1512 2252 filios

338 2297 488 2378 genuisse
512 2295 630 2362 Zetam
662 2304 695 2361 et
719 2295 844 2372 Calain,
876 2298 931 2378 qui
962 2298 1002 2360 ab
1026 2297 1172 2362 Hercule
1197 2297 1239 2362 ad
1264 2297 1389 2360 Tenum
1414 2295 1513 2359 occisi

336 2404 501 2488 essent.⁸⁹)

428 2509 633 2594 Quamquam
668 2509 866 2594 Apollonius
901 2511 1051 2576 Rhodius
1082 2510 1115 2575 A
1144 2514 1227 2575 1298
1261 2533 1301 2580 ss
1336 2516 1369 2574 et
1400 2508 1511 2573 scholl.

341 2620 434 2683 1300.
478 2621 561 2682 1304
598 2618 700 2682 susius
734 2626 900 2701 exponunt
935 2640 1036 2701 quare
1071 2618 1235 2682 Hercules
1269 2616 1440 2682 Boreadas
1470 2615 1513 2680 ud

336 2723 464 2788 Tenum
496 2727 671 2805 necaverit,
698 2733 805 2790 tamen
832 2725 873 2789 ad
897 2723 1046 2790 Acusilai
1076 2747 1207 2790 causam
1240 2724 1418 2788 eruendam
1447 2743 1513 2786 non

337 2831 496 2896 ducimur.
523 2869 565 2878 -
589 2831 764 2897 Acusilaus
779 2833 876 2897 huius
898 2833 1095 2897 narrationis
1113 2853 1177 2896 non
1195 2832 1283 2896 solus
1301 2837 1350 2896 est
1366 2829 1513 2908 testie.⁹⁰)

427 2992 484 3056 Ad
519 2991 841 3074 Argonautarum
881 2992 1009 3058 fabulas
1046 2993 1109 3057 duo
1146 3000 1295 3074 spectant
1330 2991 1514 3074 fragmenta

337 3099 424 3163 haec:

427 3261 527 3344 Frg.
551 3260 603 3324 31
627 3258 677 3344 (8)
701 3291 727 3309 =
751 3259 850 3324 senor.
870 3260 1017 3340 Apottcn.
1037 3259 1096 3324 Bt.
1115 3260 1194 3341 Ανο.
1220 3261 1249 3324 B
1267 3261 1343 3324 1122
1365 3259 1415 3340 (p.
1434 3260 1511 3337 443,

338 3369 378 3432 m
401 3368 447 3446 It)
471 3366 511 3452 (τ-
537 3364 615 3431 Hes
641 3367 700 3450 frg.
729 3365 820 3452 152):

421 3520 551 3612 ’Ἄργος
574 3527 607 3591 δὲ·
630 3528 837 3613 παροίτατος]
863 3523 909 3603 εἷς
931 3534 995 3590 τιῦν
1022 3527 1139 3612 Φρίξον
1162 3527 1287 3592 παίδων
1312 3516 1413 3602 οὗτος,
1437 3523 1513 3590 τού-

337 3658 413 3710 τους
443 3634 476 3698 δὲ
498 3626 673 3720 Ἡρόδωρος
702 3654 800 3722 φησιν
831 3631 865 3699 ἐκ
888 3632 1079 3721 Χαλκιόπης
1107 3643 1163 3722 τῆς
1185 3632 1309 3721 Αἰήτου
1338 3627 1512 3718 θυγατρός,

338 3735 588 3818 Ἀκουσίλαος
619 3741 729 3806 δὲκαὶ
752 3734 897 3818 Ἡσίοδος
928 3739 960 3806 ἐν
983 3750 1055 3818 ταῖς
1078 3739 1244 3826 Μεγάλαις
1266 3732 1388 3817 Ἠοίαις
1412 3739 1514 3828 φασὶν

427 3922 461 3990 8⁸)
483 3925 546 3973 Hes
574 3925 622 3986 srg.
642 3922 677 3974 58
704 3924 804 3988 (schol.
833 3924 919 3986 Apoll.
947 3923 996 3971 Rh.
1022 3920 1136 3989 Β297);
1164 3919 1369 3984 Ἀπολλώνιος
1387 3921 1443 3988 μὲν
1461 3920 1515 3970 οὖν

338 4015 389 4081 τὴν
409 4013 634 4081 ἀποοτρέψαοαν
653 4012 717 4076 τοὺς
736 4012 801 4080 περὶ
823 4010 917 4078 Ζήτην
935 4010 1009 4080 Ἰριν
1026 4009 1116 4080 λέγει,
1137 4007 1272 4074 Ἡσίοδος
1291 4008 1321 4060 δὲ
1343 4007 1464 4077 Ἑρμῆν.

427 4100 460 4170 89)
480 4103 569 4161 Quam
588 4103 685 4150 leviter
703 4102 769 4150 talia
788 4102 919 4164 adjuncta
938 4102 1002 4162 sint,
1023 4105 1136 4163 assueret
1155 4115 1197 4149 cx.
1212 4115 1250 4163 gr.
1265 4114 1299 4148 ex
1314 4099 1443 4158 Hesiodo,
1463 4099 1513 4147 ΤΙι.

338 4191 390 4244 287
411 4207 449 4246 ss,
469 4190 521 4243 314
541 4206 579 4241 se.
599 4189 650 4242 327
671 4206 709 4240 ss
729 4197 780 4241 etc.

427 4278 460 4344 9⁰)
481 4281 520 4330 Ct.
544 4282 608 4345 Hyg.
629 4295 654 4342 p.
674 4280 717 4340 47,
738 4281 771 4334 21
792 4295 830 4331 ss,
852 4280 957 4341 Schm.;
979 4279 1040 4328 Seu.
1056 4279 1123 4330 Med.
1138 4277 1204 4340 637;
1225 4279 1312 4329 schol.
1333 4278 1410 4326 Pind.
1431 4275 1460 4326 0.
1482 4277 1516 4326 IV

338 4369 380 4423 26.
401 4369 443 4422 32.
