3376 5178
663 417 882 478 ..67-

179 610 317 693 quitatis
340 608 546 690 abhorreret,
573 609 677 691 patris
700 630 818 672 nomen
841 608 1007 691 Apollinis
1031 629 1209 694 cognomen
1234 609 1356 674 haben-

153 717 259 812 ‘dum
291 722 324 780 et
354 714 547 780 Acusilaum
581 737 620 780 ex
652 715 775 780 fanrilia
806 721 913 778 ortum
945 737 1026 796 esse,
1058 715 1111 778 cui
1140 715 1358 780 sacerdotium

183 825 271 888 velut
294 823 479 888 hereditate
503 822 697 886 obvenisset.

667 1037 878 1044 —..—.-——-.—-

649 1191 804 1257 CAPUT
827 1191 895 1257 HI.

467 1353 703 1435 Hesiodus
734 1358 780 1432 et
812 1352 1072 1433 Acusilaus.

193 1620 196 1624 ¹
272 1535 465 1601 Acusileum
483 1555 555 1598 cum
571 1529 785 1616 Hesiodo¹⁴⁰l
805 1530 1044 1614 quodammodo
1062 1531 1268 1613 conjunctum
1286 1552 1358 1596 esse

184 1652 216 1708 et
240 1665 280 1708 ex
304 1641 496 1727 fragmentis
517 1638 657 1704 dilucide
674 1643 813 1720 apparet
836 1643 869 1702 et
892 1637 1054 1719 expressis
1071 1638 1178 1702 verbis
1201 1637 1358 1702 traditum

184 1761 243 1820 est.
291 1750 369 1814 Huc
391 1749 573 1832 pertinent:

275 1857 378 1923 Olem.
404 1855 501 1921 Alex.
527 1853 646 1919 Strom.
671 1851 723 1918 VI
746 1873 777 1935 p.
804 1854 867 1915 752
884 1849 927 1914 P:
951 1848 996 1913 τὰ
1019 1848 1057 1934 δὲ
1078 1842 1249 1915 Ἡσιόδου
1271 1873 1358 1932 μει-

184 1965 347 2054 ιξλλαξαν
374 1961 430 2039 εἰς
446 1958 562 2040 πεζὸν
584 1957 692 2044 λόγον
715 1959 778 2022 καὶ
802 1949 850 2034 οἷς
872 1955 953 2022 ἰ’δια
969 1955 1165 2044 ἐξήνεγκον
1184 1950 1359 2043 Εὔμηλός

184 2073 309 2138 τεκαὶ
332 2062 588 2156 Ἀκουσίλαος
611 2063 646 2130 οἱ
670 2063 1040 2152 ἱστοριογράφοι.“7)
1078 2065 1210 2147 Ioseph.
1236 2087 1262 2128 c.
1289 2064 1355 2148 Ap.

185 2181 202 2243 l
227 2185 260 2245 3:
293 2179 405 2243 ιιλεῖον
436 2183 512 2261 γοῦν
535 2172 587 2238 διὰ
612 2180 677 2237 τῶν
699 2172 831 2256 βιβλίων
860 2163 1013 2258 ἀλλήλους
1036 2168 1206 2255 ἐλέγχουσι,
1238 2171 1291 2236 καὶ
1315 2170 1355 2235 τὰ

185 2284 401 2352 ἐναντιώτατα
431 2282 507 2366 περὶ
538 2287 602 2344 τῶν
626 2270 732 2343 odada
754 2279 857 2362 λέγειν
881 2269 937 2342 criu
964 2272 1092 2342 δκνοῦοι
1116 2279 1197 2357 (scil.
1224 2276 1357 2362 Graeci).

185 2398 357 2481 Περίεργος
372 2382 440 2454 δι’ὶν
456 2386 522 2475 εἴην
539 2384 601 2471 ἐγώ
617 2385 692 2463 τοὺς
715 2383 792 2468 ἐμοῦ
807 2385 927 2467 μᾶλλον
943 2382 1175 2467 ἐπισταμένους
1190 2382 1356 2464 διδάσκων,

185 2496 245 2566 lica
268 2500 327 2584 μὲν
341 2492 524 2572 Ἑλλάνικος
539 2485 743 2578 Ἆκοοοιλάῳ
767 2493 843 2577 περὶ
866 2499 931 2556 τῶν
953 2491 1163 2576 γενοοιλογιιῦν
1187 2490 1358 2578 διαπεφώ-

185 2633 283 2696 νηκεν,
309 2601 378 2673 ‘o'oo
395 2604 432 2668 δὲ
448 2603 682 2686 διορθοῦται
699 2599 763 2664 τὸν
777 2593 947 2664 Ἡσίοδον
962 2590 1227 2677 Ἀκουσίλαος,
1252 2593 1358 2686 iletre

185 2716 304 2802 τρόπον
320 2707 463 2800 Ἔφορος
484 2709 549 2773 κτλ.

275 2824 358 2888 Cum
374 2819 520 2903 quaestio,
546 2838 618 2898 quae
635 2817 718 2878 ratio
741 2815 827 2878 inter
842 2813 1025 2878 Hesiodum
1049 2819 1148 2896 atque
1164 2811 1356 2878 Acusilaum

184 2927 417 3001 intercesserit,
443 2923 606 2988 cohaereat
630 2942 702 2985 cum
719 2920 825 2985 altera
847 2920 913 3000 illa,
937 2921 1016 3003 quid
1029 2921 1212 3003 argumenti
1231 2921 1358 2985 auctori

184 3044 296 3102 nostro
326 3035 369 3097 sit
392 3027 646 3108 attribuendum,
676 3028 868 3110 plerumque
892 3029 997 3110 primo
1027 3027 1092 3090 iam
1123 3028 1229 3109 capite
1253 3025 1294 3090 de
1319 3048 1358 3090 ea

186 3144 347 3208 disserere
364 3143 496 3202 coactus
513 3156 612 3199 cram.
646 3131 756 3215 Quare
772 3156 860 3198 nunc
884 3134 923 3198 de
948 3132 1112 3198 nonnullis
1128 3139 1257 3197 tantum
1272 3130 1359 3217 frag·

184 3250 302 3315 ruentis
326 3247 422 3330 plura
445 3242 562 3307 faciam
587 3241 695 3327 verba,
719 3248 830 3306 cetera
853 3242 1051 3324 disposuisse
1075 3261 1114 3304 ac
1138 3240 1357 3323 composuisse

273 3461 317 3527 ¹4⁸)
337 3462 499 3512 Acusileum
518 3457 631 3507 Hesiodi
658 3471 757 3506 nornen
785 3457 915 3507 citavisse
943 3472 996 3507 non
1021 3460 1065 3506 est
1089 3456 1238 3520 vestigium
1267 3470 1357 3519 nequo.

184 3558 218 3604 de
237 3568 294 3604 una
314 3563 435 3615 persona
448 3548 528 3597 nobis
548 3546 668 3609 cogitare
682 3546 758 3607 licet;
779 3546 864 3595 immo
880 3545 1051 3611 „Hesiodus“
1066 3544 1214 3608 appellatio
1227 3545 1355 3607 quaedam

184 3644 329 3694 collectiva
347 3641 398 3690 init
418 3641 577 3701 poematum
597 3635 707 3698 proprie
727 3635 885 3684 Graecorum
905 3637 1051 3684 cuiusdam
1070 3635 1181 3698 generis
1200 3634 1302 3696 pariter
1320 3638 1358 3682 at-

184 3748 239 3796 que
260 3724 430 3797 „Homerus“
458 3725 613 3776 carminum
639 3725 782 3787 epicorum
805 3724 997 3773 Asiaticorum.
1035 3724 1115 3788 (Cum
1142 3723 1224 3787 igitur
1249 3728 1356 3772 veteres

185 3822 347 3872 acosimum
373 3831 438 3867 cum
458 3815 513 3864 illis
539 3813 720 3872 carminibus,
748 3827 811 3875 quae
837 3813 890 3862 suh
909 3813 1023 3862 Hesiodi
1050 3813 1162 3862 nomine
1189 3813 1355 3872 ferebantur,

185 3910 377 3959 concinentem
403 3899 652 3967 deprehenderent,
682 3915 746 3950 eum
773 3905 883 3963 poetam
912 3901 1004 3950 soluta
1029 3902 1153 3950 oratione
1181 3900 1356 3963 expressisse

185 3997 332 4057 dicebant.)
371 3995 427 4042 Hoc
453 3991 616 4041 condicione
636 3989 749 4038 Hesiodi
776 4004 877 4038 nomen
904 3995 999 4039 nostra
1018 3991 1044 4038 in
1064 3990 1220 4052 quaestione
1246 4003 1358 4051 semper

186 4085 403 4149 intellegendum
422 4087 472 4132 est.

274 4171 319 4238 ¹⁴7)
340 4174 429 4221 Locus
456 4184 490 4219 ex
517 4166 665 4218 aristobuli
693 4166 778 4215 ludici
804 4165 871 4233 περὶ
898 4163 1017 4217 κλοπῶν
1042 4168 1121 4228 libro,
1148 4169 1256 4218 Wilam.
1278 4168 1356 4217 llom.

187 4266 295 4314 Unters
317 4276 343 4324 p.
362 4259 422 4310 347.
461 4259 514 4307 Sed
534 4257 569 4308 cl.
589 4254 698 4304 Antonii
718 4255 790 4304 Elter
809 4255 1012 4317 disputationes
1032 4257 1060 4305 in
1080 4258 1152 4306 serie
1171 4271 1357 4319 programma·

185 4357 245 4402 tum
264 4349 454 4400 Bonnensium
473 4361 536 4398 ann.
556 4342 634 4397 1894.
654 4342 732 4396 1895.
753 4341 830 4395 1896.
