3376 5178
816 412 1038 474 ..20-

425 603 527 668 Haud
544 604 640 670 dubie
664 605 697 668 in
722 627 761 671 ea
784 605 968 688 theogonia
985 612 1088 690 parte,
1114 627 1179 689 qua
1203 605 1242 670 de
1259 605 1427 690 Typhonis
1452 607 1514 670 eri·

337 711 411 794 gine
435 711 534 776 verba
557 711 691 795 fecerat,
716 709 892 777 Acusilaus
918 713 1017 777 etiam
1037 733 1177 796 pugnarn
1195 713 1283 777 inter
1298 734 1371 776 eum
1386 712 1513 777 Iovem·

337 841 399 902 que
424 824 530 883 ortam
554 818 783 902 descripserat.

424 926 542 1009 Neque
567 925 632 991 alio
657 933 796 1010 spectat,
820 926 908 1012 quod
932 927 996 991 iarn
1020 925 1208 1010 prolaturus
1233 949 1313 1008 sum,

425 1105 524 1191 Frg.
549 1107 601 1170 10
625 1104 673 1191 (4)
696 1139 723 1158 =
746 1105 845 1171 schol.
871 1105 1035 1172 Nicandri
1061 1105 1208 1170 rueram.
1236 1107 1267 1171 n.
1290 1107 1334 1190 (ε
1352 1107 1426 1172 Hes.
1436 1105 1513 1189 frp.

338 1213 359 1276 2
384 1229 476 1294 spur.
500 1213 596 1286 Rau:

426 1354 587 1420 Nicandri
611 1378 641 1425 v.
667 1361 685 1420 8
712 1377 769 1423 ss:

426 1462 512 1516 Ἀλλ’
531 1465 549 1530 ἦ
570 1481 611 1515 τοι
631 1464 775 1533 κακοεργδι
794 1461 952 1533 φαλάγγια,
980 1464 1034 1515 σὺν
1053 1463 1101 1514 καὶ
1121 1463 1258 1532 ἀνιγρσὺς

431 1553 573 1623 ἑρτιηστδις
593 1554 673 1621 ἔχιάς
692 1571 720 1604 τε
740 1553 787 1604 καὶ
807 1551 903 1620 ἄχθεα
922 1555 1013 1623 μυρία
1032 1554 1116 1622 γαίης

430 1641 558 1711 Τιτήνων
578 1645 732 1694 ἐνέπουσιν
750 1642 800 1712 ἀφ’
819 1643 946 1711 αἵματος,
966 1644 993 1694 εἰ
1012 1645 1090 1694 ἐτεόν
1109 1663 1162 1713 περ

428 1731 582 1801 Ἀσκραῐος
599 1733 740 1801 μοχάτοιο
760 1730 977 1798 Μελισσήεντος
996 1732 1041 1784 ἐπ’
1060 1731 1165 1801 δχδαις

428 1820 561 1886 Ἡσίοδος
580 1820 716 1888 κατέλεξε
736 1821 804 1891 παρ’
823 1820 908 1872 ὕδασι
927 1821 1124 1892 Περμησσοῖο.

428 1946 528 2010 schel.
553 1967 581 2010 v.
610 1951 646 2011 11
673 1947 793 2030 partim
818 1946 868 2010 bis
892 1945 1048 2011 traditum
1073 1949 1135 2012 sie:

603 2088 635 2151 A
926 2091 928 2165 ἱ
1220 2091 1249 2154 Β

384 2215 489 2281 ἰστέον
517 2215 551 2280 δὲ
580 2207 630 2280 ότι
659 2213 812 2300 ψεύδεται
835 2218 899 2278 Νί-
926 2172 928 2274 i
1000 2215 1076 2301 περὶ
1091 2222 1167 2299 γοῦν
1182 2223 1238 2303 τῆς
1256 2223 1321 2280 τῶν
1336 2214 1515 2282 δακνόντων

341 2322 473 2409 κανδρος
497 2320 649 2388 ἐνταῦθα.
676 2313 816 2405 οὐδαμοῦ
839 2321 900 2407 γάρ
926 2290 928 2350 i
955 2325 1083 2409 θηρίων
1105 2326 1267 2406 γενέσεως,
1293 2317 1344 2386 ότι
1368 2320 1456 2388 ἐστὶν
1480 2321 1514 2387 ἐκ

338 2439 434 2496 τοῦτο
451 2426 542 2496 εἶπεν
555 2430 613 2516 (se.
631 2422 648 2495 δ
664 2420 850 2516 Ἀσκραῑος)
867 2427 899 2494 ἐν
954 2436 1019 2493 τιῦν
1039 2427 1182 2493 Τιτάνων
1193 2438 1250 2494 τοῦ
1263 2427 1407 2511 αἵματος,
1425 2429 1514 2516 παρὰ

338 2548 407 2615 τοῖς
432 2543 665 2624 ταραττομένοις
689 2589 896 2604 .......
925 2573 927 2623 γ
954 2534 1013 2617 μὲν
1035 2543 1082 2622 τῷ
1104 2528 1240 2622 Ἡσιόδῳ
1271 2529 1327 2601 οὐκ
1350 2535 1437 2604 ἔστιν
1460 2531 1514 2602 εό-

312 2668 324 2707 5
342 2696 896 2715 .................
925 2658 927 2737 γ
954 2655 1030 2729 ρεὶν.

925 2750 927 2832 i
997 2741 1515 2839 Ἀκοοσίλαοςδέφησινὲκτσῦ

954 2856 1091 2940 αἵματος
1124 2867 1181 2923 τοῦ
1220 2867 1373 2946 Τυφῶνος
1404 2858 1514 2924 πάντα

953 2962 994 3028 τά
1018 2963 1172 3031 δάκνοντα
1194 2970 1359 3050 γενέσθαι,
1389 2957 1513 3030 Ἀτταλ-

953 3069 1066 3148 λιόνιος
1097 3072 1131 3136 δὲ
1160 3065 1177 3137 ὃ
1205 3065 1418 3150 Ῥόδιος
1448 3065 1516 3138 άττὸ

953 3187 1018 3243 τῶν
1034 3177 1197 3262 σταγόνων
1213 3187 1270 3243 τοῦ
1286 3189 1342 3265 τῆς
1359 3180 1516 3266 Γοργόνος

955 3284 1100 3368 αἵματος.

952 3429 977 3482 4.
999 3434 1047 3481 τοῦ
1066 3429 1184 3496 ἡσιόδοσ
1206 3433 1235 3480 Κ.

953 3519 977 3572 6.
997 3518 1172 3589 ἀρκεσίλαος
1192 3521 1212 3569 G
1231 3517 1411 3589 ἀρκυσίλαος
1431 3523 1456 3571 L.

952 3608 977 3662 8.
997 3611 1058 3659 Nun
1078 3615 1120 3659 est
1140 3625 1189 3658 eur
1204 3624 1269 3658 curn
1290 3610 1420 3660 Stiehleio
1440 3608 1466 3678 (l.
1488 3627 1510 3661 e.

997 3713 1022 3760 p.
1042 3697 1107 3762 609)
1127 3712 1177 3761 pru
1197 3695 1337 3748 δάκνοντα
1357 3700 1515 3748 scribamus

998 3784 1099 3838 δάκετα
1119 3790 1162 3836 vel
1182 3781 1294 3838 δακετά.

429 3912 528 3976 Initio
554 3911 666 3977 scholii
697 3911 747 3975 bis
772 3910 885 3975 eadem
919 3910 1084 3976 vocabulis
1117 3912 1252 3976 mutatis
1276 3911 1418 3994 repetita
1442 3932 1513 3976 esse

338 4041 433 4083 nemo
461 4025 510 4083 est
534 4021 609 4102 quin
636 4018 755 4083 videat.
803 4017 1019 4083 Scholiastam
1046 4019 1249 4084 Nicandrum
1275 4019 1436 4083 mendacii
1461 4041 1513 4084 eo·

340 4133 531 4211 arguentem
556 4126 689 4191 laudare
715 4125 880 4190 debemus.

428 4233 662 4316 Fragmentum
683 4239 831 4297 nostrum
855 4232 1038 4316 fragmento
1063 4236 1082 4296 6
1108 4254 1172 4297 non
1197 4239 1370 4317 repugnat,
1396 4233 1516 4316 quippe

339 4363 411 4404 eum
427 4341 493 4405 illie
510 4340 550 4404 de
568 4341 692 4423 magnis
709 4347 808 4423 atque
824 4341 939 4404 divinis
957 4340 1151 4405 animalibus
1168 4341 1268 4404 verba
1285 4339 1376 4422 fiant,
1401 4346 1516 4404 nostro
