3376 5178
658 422 877 483 -31..

270 615 465 698 Priusquam
496 616 537 679 ad
561 616 662 697 ipsam
694 615 906 696 quaestionem
937 614 1139 695 accedamus,
1172 613 1212 678 de
1236 614 1351 678 inlida-

179 723 297 786 mentis
324 722 464 786 {ueniter
492 722 607 800 dicam,
640 721 767 804 quibua,
799 743 870 804 quan
903 721 943 784 de
967 721 1113 786 Acusilai
1144 728 1241 786 aetate
1274 743 1351 785 euu-

180 828 286 892 cleare
304 830 474 912 possimus,
500 831 656 892 nitantur.
686 827 763 892 Duo
779 829 981 910 potissimum
999 827 1104 892 fontes
1121 827 1214 893 nobis
1230 839 1350 911 prmsto

180 944 265 1019 sunt,
295 962 311 1000 o
337 937 453 1019 quibus
478 935 625 999 lbrtassis
656 934 813 999 nonnulla
847 934 886 998 de
918 936 1060 999 auctoris
1092 943 1187 1000 aetate
1219 936 1350 1000 haurire

179 1043 303 1108 licebit:
354 1045 385 1128 λ)
409 1043 565 1111 Veterum
591 1049 760 1106 auctorum
785 1041 848 1108 loci
880 1049 913 1106 et
942 1042 1074 1125 quidem
1097 1043 1119 1106 ii
1144 1043 1199 1126 qui
1221 1049 1350 1126 tempus

180 1149 340 1230 cupressis
371 1149 478 1213 verbis
502 1150 662 1214 definiunt
687 1154 719 1212 et
741 1149 765 1212 ii
790 1170 807 1212 e
832 1149 951 1231 quibus
974 1149 1097 1232 aliquid
1121 1149 1270 1213 concludi
1293 1171 1349 1232 po-

180 1262 253 1324 test.
301 1255 335 1340 2)
359 1255 505 1319 Acusilai
530 1254 723 1338 fragmenta.
779 1291 783 1300 ·

266 1362 413 1425 Primum
429 1361 551 1426 fontem
569 1362 807 1427 exhauriamus.
841 1361 906 1428 Sed
931 1362 1107 1427 cavendum
1133 1369 1247 1427 estne
1271 1363 1349 1445 quid

178 1489 292 1532 eruero
317 1468 452 1534 velimus
475 1491 514 1560 en
538 1469 722 1534 nominibus
752 1457 896 1534 inter-'sc
920 1470 1106 1553 compositis
1130 1478 1228 1553 atque
1253 1470 1348 1534 colla-

177 1575 229 1653 tis,
255 1576 375 1658 quippe
408 1597 479 1658 quaa
504 1576 694 1658 plerumque
720 1597 758 1640 ex
783 1576 983 1659 compendiis
1015 1583 1196 1644 manarunt.
1243 1576 1284 1639 In
1310 1599 1347 1640 eo

178 1679 451 1765 haudquaquam
483 1688 610 1747 veteres
643 1682 840 1766 discrepant,
873 1681 1063 1746 Acusilaum
1098 1684 1344 1767 „antiquorun1“

177 1786 286 1856 fuisse.
317 1788 372 1853 Ita
396 1789 480 1853 enim
504 1789 549 1853 nil
574 1791 656 1854 certi
680 1790 720 1854 de
745 1811 783 1854 εο
807 1796 920 1854 notum
937 1797 1018 1866 erat,
1043 1796 1079 1853 ut
1102 1790 1197 1854 modo
1222 1798 1346 1874 septem

176 1893 419 1959 adscriberetur
442 1895 714 1982 sapientibus‚¹⁶³)
742 1896 837 1961 modo
867 1893 1027 1983 ἱστορικὸς
1048 1895 1269 1982 πρεσβύτατος
1292 1920 1347 1980 ap-

174 2000 433 2088 pellaretur:¹⁰⁴)
466 2003 553 2084 qnod
576 2003 728 2066 nimirum
752 2024 817 2067 non
841 2003 883 2067 ad
906 2003 1048 2067 litteram
1070 2001 1256 2085 intelleges3
1289 2003 1345 2068 sed

175 2106 237 2172 hoc
261 2115 387 2173 tantum
412 2109 560 2173 videmur
591 2110 685 2175 nobis
716 2131 780 2174 nou
806 2110 874 2174 sine
899 2131 998 2174 causa
1028 2099 1231 2189 concludere,
1263 2113 1345 2175 anti·

175 2215 344 2297 quioribus
367 2223 514 2280 nostrum
538 2217 817 2281 adnumerandum
842 2238 914 2281 esse
940 2216 1199 2300 „logographis“.
1228 2217 1352 2300 Neque·

174 2322 269 2412 aliter
299 2329 373 2386 utar
404 2324 444 2388 iis
468 2322 546 2388 locis
577 2325 633 2407 qui
657 2322 847 2388 Acusilaum
878 2345 950 2387 cum
973 2323 1130 2387 Hecataeo
1155 2323 1345 2407 Pherecplc

174 2429 246 2494 aliis
271 2431 480 2513 conjunctum
505 2429 726 2512 exhibent.¹⁶⁵)

263 2535 328 2602 Sed
354 2559 373 2600 a
398 2539 449 2601 via
472 2544 538 2602 tam
562 2537 688 2602 lubrica
713 2537 928 2605 discedamus.
968 2535 1024 2600 Ad
1047 2537 1189 2602 auctoris
1214 2544 1344 2600 aetatem

174 2643 380 2712 statuendam
405 2644 498 2726 quasi
515 2643 717 2708 fundamenti
734 2644 804 2708 loco
822 2644 963 2726 ponendi
980 2650 1055 2708 sunt
1072 2643 1249 2727 Dionysius
1264 2645 1343 2714 Hal.

174 2756 207 2813 et
229 2749 400 2832 Iosephus.
447 2750 546 2816 Dion.
572 2750 649 2817 Hal.
674 2749 750 2836 περὶ
777 2757 865 2816 θοικ.
891 2773 921 2833 p.
947 2753 1010 2813 818
1035 2771 1062 2814 o.
1080 2754 1114 2814 5:
1215 2741 1345 2837 α’ρχαῑοι

171 2855 230 2937 μὲν
253 2845 307 2921 οὖν
330 2866 528 2944 συγγραφεῖς
557 2858 672 2922 πολλοὶ
702 2858 756 2922 καλ
787 2857 868 2922 κατὰ
898 2855 1037 2932 πολλοὺς
1059 2855 1179 2934 τόπους
1201 2855 1345 2943 ἐγένοντο

172 2961 245 3048 πρὸ
275 2965 341 3028 τοῦ
368 2964 736 3052 Πελοποννησιακοῦ
766 2965 943 3047 πολέμου·
976 2961 1009 3029 ἐν
1033 2961 1081 3040 οἷς
1104 2961 1191 3029 ἔστιν
1213 2957 1344 3051 Εὐγέων

172 3095 207 3134 τε
269 3065 287 3135 b'
303 3095 338 3136 τε
354 3062 750 3159 Ἀργεὶοςλλκοοσίλαος
766 3073 831 3139 κτλ.
856 3073 1036 3155 Dionysius
1046 3073 1154 3153 igitur,
1168 3095 1239 3137 cum
1254 3073 1343 3139 Acu-

172 3179 287 3242 silaum
305 3189 380 3244 ante
397 3202 425 3244 a.
440 3182 502 3244 431
522 3179 670 3245 floruisse
688 3180 785 3258 dicat,
803 3180 867 3244 late
884 3200 943 3243 nos
960 3180 1070 3263 vagari
1085 3181 1170 3264 sinit,
1188 3182 1341 3262 quoniam

261 3322 304 3368 ¹⁶3}
325 3324 400 3386 [νίας.
421 3325 506 3372 Laert.
522 3325 532 3371 l
551 3323 598 3373 41:
620 3323 692 3372 ἔνιαι
712 3319 920 3391 προστιθέασιν
939 3321 1133 3384 (sapientibus)
1149 3320 1343 3375 Ἀκουσίλαον

170 3411 257 3476 Κάβα
277 3415 294 3478 ἢ
314 3411 432 3480 Σκάβρα
450 3409 592 3481 Ἀργεῖον.
612 3410 776 3479 Ἕρμιππος
795 3409 852 3461 δ’ἐν
870 3415 906 3477 τῷ
926 3409 1001 3480 Περὶ
1021 3415 1076 3460 τῶν
1095 3416 1192 3480 σοφῶν
1211 3413 1286 3471 (FllG
1307 3416 1341 3462 ΙΙΙ

170 3503 214 3566 37)
235 3499 425 3552 ἑπτακαίδεκά
444 3517 541 3570 φησιν,
560 3500 601 3551 ὧν
620 3501 684 3565 τοὺς
702 3500 772 3551 ἑπτὰ
791 3497 904 3565 ἄλλους
922 3498 1023 3564 ἄλλως
1041 3498 1198 3568 αἱρεῖσθαι·
1218 3501 1292 3552 εἶναι
1313 3502 1343 3553 db

171 3589 295 3642 Σόλωνα
316 3629 356 3642 ...
378 3587 576 3641 Ἀκουσίλαον
594 3626 618 3639 ..
639 3591 723 3640 Clam.
742 3591 816 3639 Alex.
832 3590 929 3638 strom.
950 3591 960 3638 Ι
974 3606 998 3653 p.
1013 3588 1066 3641 350
1079 3591 1112 3638 P:
1127 3591 1154 3639 ολ
1169 3588 1198 3639 δὲ
1212 3588 1342 3642 Ἀκουσί-

169 3677 244 3729 λαον
263 3678 311 3729 τὸν
329 3677 456 3748 Ἀργεῖον
481 3676 673 3747 ἐγκαιέλεξαν
692 3685 749 3742 τοῖς
768 3678 838 3729 ἑπτὰ
858 3684 964 3747 σοφοῖς.

259 3766 302 3831 Μ)
323 3769 398 3817 Suid.
419 3783 440 3817 s.
461 3784 485 3817 v.
506 3765 706 3831 Ἀκουσίλαος.

259 3854 301 3918 ¹⁶⁶)
323 3858 359 3906 Cs.
380 3872 423 3909 ex.
443 3873 481 3920 gr.
503 3858 578 3907 Suid.
600 3872 622 3906 S.
643 3873 667 3908 v.
686 3849 848 3922 Ἑκαταῖος,
868 3857 1058 3926 Σαγγραφεῖς,
1079 3855 1247 3926 Ἰσιορῆσαι
1281 3858 1341 3916 Qui·

169 3949 222 3996 bus
249 3948 317 3997 locis
336 3947 434 3996 Busolt
454 3947 497 3995 Gr.
517 3947 615 4000 Gescb.
637 3943 660 3995 [a
678 3962 703 4009 p.
724 3945 822 4005 149,3
848 3948 917 3996 effici
945 3948 1085 3997 existimat
1112 3949 1222 4010 (nempe
1242 3947 1288 3995 illo
1309 3947 1341 3996 τὰ

167 4035 231 4104 γὰρ
245 4032 438 4103 Ἀκουσιλᾴου
452 4032 624 4098 νοθεύεται),
640 4036 800 4084 Acusilaum
815 4037 943 4085 Hecatam
956 4036 1140 4098 antiquiorem
1154 4036 1249 4086 luisse.
1273 4036 1339 4094 Ouio

168 4126 314 4186 sententia,
336 4139 370 4174 ne
384 4125 451 4187 quid
465 4125 556 4175 dicam
570 4125 691 4188 gravius,
712 4125 817 4174 incerta
835 4131 891 4188 est3
913 4139 977 4173 nam
997 4126 1065 4173 illud
1085 4124 1117 4174 ιὰ
1136 4123 1191 4193 γὰρ
1211 4122 1253 4176 ἲΑ,
1272 4122 1337 4174 uod.

167 4217 265 4264 ecdem
294 4215 352 4263 iure
372 4215 406 4263 ad
427 4214 601 4263 enuntiatum
628 4214 711 4262 modo
731 4215 902 4276 praecedenS,
930 4215 1100 4283 συγγραφὴν
1119 4211 1149 4264 δὲ
1171 4210 1339 4282 Φερεκύδης,

169 4305 278 4352 referes.
317 4304 444 4352 Ceterum
464 4317 515 4365 ego
534 4303 647 4365 quidem
669 4303 722 4351 hoc
743 4302 836 4352 Suidae
861 4305 922 4352 loco
943 4304 1076 4352 vocabulo
1102 4302 1157 4371 γὰρ
1181 4304 1263 4350 mmm
1284 4303 1338 4350 rim

168 4408 260 4442 messe
282 4407 359 4454 nego,

1287 4462 1304 4512 o
