3376 5178
698 437 906 497 „23—

210 625 279 711 [τὰς
297 626 331 712 l]
357 629 522 711 σταγόνας,
548 627 628 692 κατὰ
645 638 702 716 τῆς
717 637 782 714 γῆς,
808 627 843 707 ἐξ
856 618 900 694 ὧν
923 634 1115 716 γεννηθῆναι
1137 628 1209 706 τοὺς
1230 634 1379 705 Φαίακας·

209 732 239 798 οἱ
256 733 288 798 δὲ
304 731 378 810 τοὺς
395 738 560 817 Γίγαντας,
586 737 650 801 Καὶ
673 729 826 814 Ἀλκαῖος
842 737 875 801 δὲ
890 736 971 801 κατὰ
988 737 1028 800 τὰ
1046 729 1127 801 αὐτὰ
1143 747 1191 824 τῷ
1206 730 1382 802 Ἀκουσι-

207 839 284 927 λάῳ
310 840 401 926 [κατὰ
426 882 468 888 —-
492 834 564 908 'Aa
590 867 651 908 om.
676 844 717 930 L]
750 845 835 930 λέγει
859 843 933 921 τοὺς
959 848 1105 921 Φαίακας
1128 843 1210 926 ἔχειν
1233 843 1270 909 τὸ
1292 848 1408 929 γένας5

209 944 328 1013 ἐκτῶν
352 947 515 1034 σταγόνων
538 959 595 1015 τοῦ
621 946 770 1038 Οὐρανοῦ.
1302 952 1336 1020 L.

296 1089 367 1142 Let
386 1094 404 1154 f,
424 1095 499 1156 quod
524 1110 650 1145 summas
678 1110 723 1145 res
751 1097 856 1156 attinet,
885 1098 955 1146 iuter
974 1111 1005 1145 se
1025 1097 1210 1145 consentiunt.
1249 1096 1326 1154 Quod
1347 1096 1381 1143 ad

209 1183 334 1243 formam,
355 1198 372 1244 p
392 1184 497 1246 senpius
517 1200 534 1233 a
553 1186 572 1232 L
592 1187 600 1232 t
619 1185 772 1248 discrepat3
794 1187 868 1234 hunc
887 1187 999 1234 exhibet
1019 1187 1115 1234 tinent:
1137 1182 1248 1234 ”Atta
1269 1182 1299 1234 δὲ
1318 1184 1383 1247 τοὺς

215 1271 349 1339 Γίγαντας
368 1272 457 1340 φασίν
475 1272 533 1322 ἀπὸ
552 1277 608 1323 τῶν
627 1275 763 1324 τοιούτων
781 1271 918 1342 γενέσθαι
939 1274 1091 1342 σταγόνων.

298 1362 325 1410 οἱ
345 1359 383 1425 δὲ]
404 1362 468 1410 Hes.
488 1363 536 1410 'l'h
557 1361 617 1414 185.

297 1448 442 1514 Ἀλκαῖος]
465 1451 511 1513 l'rg.
533 1449 585 1501 116
604 1453 692 1514 Bergk
712 1449 787 1500 l'LG4
808 1453 842 1500 lll
863 1467 888 1514 p.
909 1450 968 1502 185.

298 1571 447 1638 Acusilai
470 1574 569 1656 igitur
593 1597 632 1638 ex
656 1581 763 1638 mente
789 1575 892 1640 Urani
923 1575 1064 1640 mutilati
1090 1577 1257 1658 sanguinis
1282 1583 1381 1659 guttae

207 1680 240 1743 in
266 1680 370 1744 solum
394 1681 584 1746 deciderant
607 1681 769 1765 (τουτέστι
785 1681 942 1767 σταγόνας
966 1683 1149 1747 scholiastae
1167 1683 1302 1746 alicuius
1326 1683 1382 1747 ad-

208 1788 408 1852 notationem
433 1789 614 1853 narrationi
642 1791 753 1872 inepte
782 1790 940 1854 insertam
965 1811 1035 1854 esse
1060 1811 1155 1853 nemo
1180 1811 1246 1854 nou
1271 1790 1381 1871 videt),

209 1894 360 1976 equibus
376 1895 533 1960 Phaeaces
550 1897 707 1977 originem
732 1897 904 1961 duxerunt.
942 1895 1049 1980 Quam
1073 1897 1296 1979 genealogiam
1320 1897 1382 1960 nisi

209 2000 296 2084 apud
319 2000 468 2066 Alcaeum
485 2002 715 2086 Rhodiumque
739 2024 899 2086 nusquam
923 2003 1206 2087 deprehendimus.
1239 2003 1381 2067 Multum

208 2116 321 2172 nostra
343 2110 482 2174 interest
513 2110 695 2192 enucleare,
728 2132 787 2174 our
810 2111 872 2175 hoc
902 2118 1039 2175 stemma
1062 2108 1238 2176 Acusilaus
1262 2117 1380 2193 pratu-

208 2214 284 2278 lerit
315 2215 411 2279 alteri
441 2216 486 2279 illi
519 2239 584 2281 non
615 2218 782 2296 inusitato
815 2217 902 2301 quod
933 2239 973 2281 ex
1005 2217 1143 2281 Phaeace
1176 2223 1208 2281 et
1239 2215 1383 2300 Cercyra

211 2321 365 2386 Phaeaces
381 2330 477 2387 natos
494 2346 564 2388 esse
581 2331 733 2390 narraret
748 2325 803 2409 (of.
823 2347 872 2390 ex.
889 2347 936 2406 gr.
954 2324 1085 2389 Hellan.
1104 2325 1163 2406 frg.
1181 2324 1248 2407 45).
1273 2324 1302 2387 E
1318 2326 1382 2388 iam

207 2429 316 2493 invitis
347 2430 442 2495 nobis
467 2453 500 2496 so
525 2430 621 2495 ollert
651 2433 801 2515 suspicio,
835 2432 961 2495 auctori
985 2432 1018 2494 iu
1043 2433 1150 2495 auimo
1174 2432 1274 2496 fuisse
1299 2431 1383 2494 Dre-

208 2558 327 2619 panam
339 2538 488 2620 insulam,
503 2538 679 2603 Phaeacum
692 2539 799 2603 sedem
804 2589 812 2620 ‚
827 2560 897 2603 oum
911 2538 994 2603 falce
1008 2536 1183 2624 (optativa),
1201 2561 1266 2621 qua
1279 2537 1383 2602 Uraui

209 2644 315 2707 virilia
345 2645 496 2729 Iuppiter
529 2647 721 2711 desecuerat
751 2646 805 2732 (cf.
831 2645 931 2713 schol.
956 2645 1021 2729 Ap.
1046 2646 1110 2710 Ru.
1137 2655 1165 2709 Δ
1189 2647 1279 2729 984),
1308 2667 1383 2710 con-

204 2750 395 2836 jungerem)
442 2752 486 2815 Et
511 2775 624 2818 revera
647 2753 722 2818 tulis
747 2775 855 2818 rerum
881 2775 1046 2817 connexus
1071 2775 1091 2818 a
1114 2760 1226 2818 nostro
1250 2754 1382 2817 minime

209 2859 428 2944 abhorret3⁴¹)
452 2860 549 2924 inimo
567 2868 695 2925 contra:
720 2883 772 2925 res
797 2861 859 2926 sibi
881 2862 1027 2943 cognitas
1045 2883 1118 2925 eum
1135 2862 1301 2926 consuisse
1325 2882 1383 2924 un-

209 2967 305 3048 dique
331 2966 437 3030 elucet
459 2989 565 3049 nequo
596 2968 717 3032 nullius
741 2969 896 3032 momenti
929 2989 999 3032 esse
1032 2969 1212 3050 putaverim
1237 2968 1269 3031 id
1294 2967 1382 3049 quod

209 3073 305 3136 huius
329 3073 432 3154 ipsius
457 3075 636 3138 stemmatis
661 3075 873 3138 Acusilaus
898 3076 991 3138 testis
1015 3074 1178 3139 laudatur.
1211 3075 1318 3139 Nemo
1344 3097 1383 3138 ex

210 3181 380 3244 sententiis
404 3201 424 3242 a
448 3180 624 3245 scholiasta
640 3182 725 3244 inter
750 3204 783 3245 se
808 3182 968 3264 oppositis
985 3182 1166 3263 concludet,
1192 3181 1382 3246 Acusilaum

208 3287 315 3351 nullos
339 3288 401 3351 nisi
425 3287 583 3352 Phaeaces
608 3311 647 3350 ex
672 3289 774 3352 Urani
807 3310 923 3352 cruore
954 3295 1042 3353 ortos
1068 3289 1220 3354 habuisse
1244 3289 1382 3371 ideoque

210 3395 394 3475 contendet,
420 3415 491 3457 eum
517 3395 558 3458 ab
575 3394 734 3479 Hesiodo,
759 3417 856 3478 quem
872 3395 952 3459 illud
977 3393 1008 3459 αἱ
1024 3394 1058 3459 δὲ
1081 3402 1229 3478 spectare
1254 3395 1383 3459 videtur

209 3502 264 3586 (cf.
290 3523 360 3584 cap.
385 3501 465 3585 ΙΙΙ),
499 3501 695 3566 discessisse.
744 3503 804 3584 Eo,
836 3502 924 3586 quod
953 3503 1013 3567 soli
1038 3503 1193 3567 Phaeaces
1226 3502 1382 3566 hocloco

210 3615 366 3673 vocantur
406 3615 439 3672 et
476 3611 594 3672 tertius
635 3610 897 3692 genealogiarum
935 3610 1019 3675 liber
1050 3610 1212 3693 expressis
1250 3609 1383 3674 additur

209 3715 326 3797 verbm,
367 3715 533 3780 evidenter
560 3717 728 3798 probatur,
768 3716 863 3782 huius
901 3717 1014 3801 populi
1053 3719 1211 3801 originem
1249 3738 1314 3782 non
1349 3719 1383 3781 in

209 3822 398 3907 theogonia,
446 3824 503 3888 sed
543 3825 576 3886 in
616 3830 786 3888 stemmate
829 3824 937 3907 aliquo
978 3825 1161 3889 enarrando
1201 3825 1380 3908 expositum

209 3929 319 3994 fuisse.

297 4109 330 4174 4⁰)
351 4113 480 4162 Acusilao
501 4114 576 4163 euim
596 4115 728 4162 l‘hroaces
743 4113 884 4174 Drepanes
898 4113 1067 4161 habitatores
1088 4112 1143 4160 uoti
1163 4126 1227 4160 osse
1247 4116 1381 4174 poterant,

209 4202 328 4263 Wilam.,
349 4204 453 4253 homer.
475 4203 584 4252 Uuters.
605 4202 659 4255 170
678 4217 716 4253 ss,

297 4288 330 4354 41)
351 4292 388 4340 Cl.
409 4306 452 4342 ex.
472 4306 510 4354 gr.
531 4292 581 4354 frg.
601 4292 644 4354 26,
674 4291 776 4354 inquo
803 4296 912 4340 taurum
940 4291 1076 4340 Creticum
1101 4290 1240 4353 Europam
1266 4290 1383 4352 rapienti

210 4381 331 4430 annectit
349 4386 454 4430 auctor.
