3376 5178
673 419 892 480 „15-

282 610 518 693 Fragmentum
550 617 607 675 aut
639 609 863 694 Cosmogoniae
894 610 947 694 (cf.
972 609 1053 677 Hes,
1079 610 1140 676 Th.
1166 609 1244 694 267)
1276 611 1367 675 attri-

193 715 359 780 buendum
383 724 441 797 est,
467 718 553 801 quod
586 740 637 782 me
669 718 800 801 quidem
824 718 942 800 arrisit,
975 731 1031 782 aut
1055 718 1235 782 narrationi
1259 739 1367 782 rerum

195 823 235 888 ab
259 823 406 922 Hercule
430 833 603 906 gestarum.

203 1057 206 1061 Ι
282 967 382 1052 Frg.
406 967 433 1031 5
458 967 507 1054 (5)
530 1001 556 1019 =
579 968 677 1034 sclrol.
702 969 851 1050 Apollon.
878 969 937 1034 ltu.
963 971 1042 1050 Arp.
1069 974 1100 1033 Δ
1122 970 1207 1034 828:

283 1089 452 1174 Apollonii
475 1115 588 1157 versus
612 1101 687 1159 sunt
710 1095 796 1160 hice:

283 1215 336 1270 828
355 1216 497 1286 Σκύλλης
514 1217 660 1286 Αὐσονίης
679 1219 864 1290 ὀλοόφρονος,
884 1221 920 1288 ἣν
939 1221 999 1271 τέκε
1018 1217 1117 1287 Φόρκῳ

354 1305 528 1372 νυκτιπόλος
546 1306 654 1375 Ἑκάτη,
674 1311 726 1376 την
744 1327 772 1360 τε
791 1308 922 1360 κλείουσι
942 1307 1095 1377 Κράταιιν.

286 1393 392 1465 Φόρκυι
411 1398 560 1450 Wellauer.

283 1502 397 1591 ᾓντὲκε
411 1503 533 1590 Φόρκῳ]
543 1495 785 1582 Ἀκουσίλαος
796 1504 952 1590 Φόρκυνος
960 1505 1014 1568 καὶ
1023 1498 1157 1591 Ἑκάτης
1164 1503 1219 1590 τὴν
1229 1502 1369 1568 Σκόλλαν

193 1612 287 1696 λέγει,
304 1605 442 1699 (Όμηρος
465 1614 501 1695 (ιι
520 1612 597 1700 124)
621 1612 654 1677 δὲ
678 1604 733 1695 οόχ
751 1605 892 1699 Ἑκάτην,
924 1605 1004 1676 datu
1028 1611 1194 1696 Κράταιιν.
1219 1603 1367 1697 άμηιοτέ-

194 1742 262 1803 ροις
278 1707 332 1784 οὖν
342 1711 554 1797 Ἀπολλώνιος
568 1720 855 1808 κατηκολούθησεν.
881 1717 913 1786 ἓν
929 1719 962 1784 δὲ
978 1732 1050 1796 ταῖς
1066 1718 1231 1804 Μεγάλαις
1245 1710 1368 1794 Ἠοίαις

194 1827 290 1912 (Hes.
315 1827 376 1910 frg.
404 1827 516 1913 15026)
541 1826 720 1911 Φόρβαντος
742 1829 797 1892 καὶ
819 1820 952 1914 Ἑκάτης
976 1821 994 1916 ἦ
1017 1827 1149 1892 Σκύλλα.
1286 1827 1320 1890 b.

282 1954 307 2004 1.
326 1951 519 2018 Ἀκουσίλαος
537 1955 593 2022 μὲν
612 1955 664 2005 οὖν
683 1971 708 2018 p.
729 1984 757 1990 —
778 1955 997 2004 Florentinorum
1022 1952 1051 2020 (l)
1072 1959 1099 2003 et
1117 1953 1307 2002 Parisinorum
1328 1951 1367 2018 (p)

192 2041 363 2091 acholiorum
383 2049 443 2091 tum
462 2045 546 2093 modo
569 2043 706 2107 adscripsi
726 2045 869 2104 lectiones,
896 2058 961 2092 cum
981 2044 1055 2106 digni
1076 2043 1181 2105 aliquid
1201 2031 1372 2091 commemo-⁸

193 2136 254 2180 ratu
274 2133 443 2194 praebebant.
463 2149 480 2196 p
500 2135 665 2197 plerumque
684 2134 791 2198 (forma)
812 2150 829 2183 a
847 2135 866 2182 L
885 2139 912 2183 et
931 2134 943 2181 f
959 2134 1085 2182 discedit.

282 2237 322 2302 In
348 2261 387 2303 ea
410 2246 504 2322 parte
535 2240 647 2305 scholii
681 2263 778 2324 quam
809 2241 974 2323 exscripsi,
1008 2245 1076 2303 tres
1101 2237 1217 2322 Scyllae
1251 2259 1368 2321 genea-

193 2344 287 2429 logiae
302 2346 388 2410 inter
413 2368 447 2410 se
471 2348 628 2430 oppositae
646 2354 735 2412 sunt:
760 2346 908 2412 Acusilai
925 2348 980 2430 qui
997 2346 1188 2429 Phorcynos
1205 2343 1366 2409 Hecates-

194 2449 310 2536 quc,²³)
328 2451 467 2516 Homeri
483 2455 539 2536 qui
557 2452 729 2518 Orataeidis
746 2456 864 2536 (patris
881 2475 998 2517 nomen
1015 2452 1201 2537 omittitur),
1225 2451 1367 2516 Hesiodi

193 2558 333 2641 denique
357 2561 412 2642 qui
435 2560 634 2625 Phorbantis
657 2560 866 2645 Hecatesque
891 2560 991 2625 filiam
1016 2581 1086 2624 eam
1111 2556 1243 2628 dicit.²'³i
1276 2556 1364 2622 Aou-

193 2665 266 2729 silai
289 2671 387 2748 atque
411 2663 550 2731 Homeri
581 2670 761 2733 sententiaa
789 2690 903 2733 revera
936 2668 1020 2732 siout
1044 2665 1191 2731 scholion
1223 2666 1301 2729 dicit
1324 2665 1366 2729 ab

192 2770 370 2855 Apollonio
386 2773 518 2838 Rhodio
542 2776 645 2857 primo
671 2797 742 2841 ease
759 2776 997 2840 contaminatas
1022 2796 1059 2839 eo
1083 2774 1253 2858 probatur,
1279 2772 1365 2856 quod

192 2877 261 2943 haec
285 2881 517 2946 contaminatio
541 2889 617 2946 ante
642 2904 714 2946 aum
738 2904 804 2947 non
826 2883 999 2947 invenitur.

282 2986 357 3052 Hoc
380 2987 452 3052 loco
470 2990 651 3054 summatim
669 2991 834 3055 monuisse
858 2991 937 3055 satis
954 2988 1068 3068 habeo,
1094 2988 1233 3052 fortasse
1250 2985 1367 3052 Acusi-

191 3093 281 3158 laum
305 3094 381 3158 olim
406 3096 519 3160 eadem
548 3103 647 3180 atque
670 3097 811 3182 Magnas
835 3097 943 3161 Eoeas
972 3096 1161 3179 praebuisse.
1210 3092 1366 3159 Ceterum

192 3200 232 3267 cf.
250 3222 320 3284 cap.
337 3200 404 3266 ΙΙΙ.
433 3201 530 3286 Quod
554 3205 581 3268 si
604 3205 677 3287 quis
699 3205 840 3287 probare
863 3204 961 3281 nolet,
986 3202 1125 3266 fortasse
1148 3201 1223 3265 ideo
1247 3198 1368 3264 Acusi-

191 3309 280 3374 laum
304 3309 345 3374 ab
372 3309 559 3394 „Hesiodo“
586 3311 773 3376 discessisse
798 3310 894 3392 dicet,
919 3310 1006 3392 quod
1031 3315 1064 3374 et
1085 3308 1286 3372 Phorbantis
1310 3329 1367 3372 no-

192 3439 267 3481 men
291 3416 320 3481 ei
344 3439 410 3481 non
440 3421 520 3483 satis
543 3424 751 3483 notum-erat
774 3419 864 3482 etin
888 3417 976 3481 fonte
1002 3418 1071 3482 eius
1094 3415 1177 3499 (scil.
1202 3414 1368 3500 Hesiodo)

193 3545 308 3588 revera
335 3525 416 3590 talia
446 3532 592 3590 monstra
624 3548 664 3590 ex
693 3525 865 3609 Phorcyne
896 3525 1053 3608 originem
1084 3523 1248 3587 ducebant
1271 3521 1365 3603 (Hes

193 3630 254 3695 Th.
279 3634 344 3696 270
368 3633 435 3718 ss).
484 3631 566 3716 Quae
590 3639 699 3698 tamen
728 3633 837 3717 opinio
866 3633 997 3696 minime
1021 3652 1072 3695 me
1096 3630 1222 3695 arridet
1245 3630 1365 3713 quippe

193 3760 258 3821 qua
281 3760 346 3803 non
371 3740 561 3823 explicetur,
594 3761 652 3805 cur
675 3739 823 3805 Acusilai
856 3739 1019 3804 sententia
1043 3737 1174 3822 totiens,
1205 3757 1367 3820 nusquam

192 3866 268 3909 vero
292 3845 433 3911 Hesiodi
456 3847 544 3931 apud
567 3853 716 3931 posteros
740 3847 877 3931 legatur.

281 4024 318 4089 2⁶)
338 4030 438 4090 Rzacb,
459 4031 523 4079 Hes
543 4044 637 4092 carm„
658 4031 730 4093 Lips.
750 4028 828 4082 1902.

281 4112 314 4184 ²⁷)
333 4119 409 4167 Idem
428 4119 541 4168 exhibet
560 4120 647 4169 schol.
668 4121 746 4168 Hom.
766 4136 788 4187 μ
807 4117 842 4170 85
861 4117 1021 4182 (Dionysius
1040 4114 1204 4181 mythogra)

280 4203 314 4274 2⁸)
334 4208 402 4256 Filia
420 4213 463 4258 est
482 4210 584 4259 Lamiae
603 4224 647 4272 ap.
666 4210 741 4258 Eust.
761 4224 789 4272 p.
805 4207 884 4268 1714,
904 4206 948 4268 34,
969 4207 1121 4256 Crataeidis
1141 4219 1183 4267 ap.
1204 4204 1273 4252 Plin.
1288 4203 1319 4252 N.
1334 4203 1365 4251 H.

193 4294 285 4357 11110‚
305 4297 445 4361 Typhonis
465 4303 491 4347 et
510 4299 641 4349 Echidnae
661 4313 703 4362 ap.
724 4300 791 4363 Hyg.
811 4313 836 4361 p.
855 4297 898 4360 12,
919 4297 966 4360 17;
987 4297 1030 4359 25,
1052 4294 1099 4359 15;
1119 4293 1180 4356 108,
1201 4291 1249 4356 15;
1277 4293 1367 4342 Crata-

193 4385 264 4435 eidis
284 4401 326 4450 ap.
347 4389 467 4437 eundem
487 4403 512 4451 p.
534 4388 594 4450 127,
614 4388 631 4440 3
652 4389 742 4439 Schm.
