3376 5178
767 401 986 463 ..68..

289 593 369 658 satis
393 592 530 657 habebo.
563 591 690 676 Saepius
714 599 802 658 certe
827 615 904 657 num
928 592 1109 658 Hesiodum
1126 593 1304 659 Acusilaus
1328 603 1462 661 secutus

289 699 331 763 sit
347 719 460 780 necne,
477 706 652 782 propterea
669 697 843 764 enucleata
858 698 1080 763 difficillimum
1097 705 1157 782 est,
1178 701 1254 783 quia
1270 722 1336 766 non
1352 705 1460 766 omnia

288 811 393 885 poetae
418 806 561 870 carmina
583 805 734 871 manibus
757 813 915 871 tenemus.

378 909 581 995 Scriptorum
600 911 829 977 similitudines
852 920 951 995 atque
976 912 1141 995 digressus
1156 914 1288 978 iamiam
1312 914 1463 978 enuclea-

289 1018 353 1081 turi
382 1024 537 1100 quattuor
559 1019 594 1082 in
618 1020 804 1084 universum
834 1018 1091 1101 fragmentorum
1122 1019 1243 1085 classes
1273 1019 1461 1085 discerncre

288 1145 475 1207 possumus:
514 1126 544 1209 1)
569 1125 768 1207 Fragmenta
785 1146 921 1208 quorum
940 1147 1012 1190 curn
1029 1126 1168 1190 Hesiodi
1191 1127 1361 1192 sententiis
1385 1149 1459 1191 con-

288 1237 418 1295 centum
441 1232 581 1314 probare
605 1231 690 1296 licet.
734 1230 769 1317 2)
797 1231 997 1314 Fragmenta
1028 1253 1165 1315 quorum
1195 1240 1388 1316 argumenta
1418 1234 1462 1299 ab

287 1335 428 1402 Hesiodi
445 1338 648 1422 dictisplane
665 1339 861 1421 discrepant.
895 1337 929 1423 3)
943 1339 1144 1422 Fragmenta
1159 1340 1191 1404 in
1209 1340 1327 1423 quibus
1343 1340 1462 1405 Acusi-

287 1443 358 1509 laus
381 1451 512 1527 poetam
536 1447 655 1528 partim
680 1445 835 1528 sequitur,
860 1446 978 1528 partim
1003 1445 1044 1509 ab
1078 1467 1116 1510 eo
1146 1447 1272 1511 recedit
1305 1447 1355 1511 vel
1387 1469 1459 1512 eum

289 1551 414 1616 dilatat.
444 1553 478 1636 4)
495 1552 696 1636 Fragmenta
712 1552 852 1636 denique
869 1575 886 1617 e
903 1553 1020 1635 quibus
1038 1554 1132 1632 ratio,
1150 1575 1222 1636 quae
1237 1554 1323 1618 inter
1338 1561 1462 1619 utrum-

288 1680 350 1741 que
375 1659 558 1739 intercedit,
583 1660 654 1724 erui
676 1659 799 1742 nequit.

857 1853 888 1917 Ι.

375 1995 408 2061 Α
424 1997 529 2081 prima
546 1996 648 2062 classe
664 1996 868 2079 incipiamus.
891 1996 1031 2061 Hesiodi
1048 2019 1165 2062 nomen
1176 1999 1326 2082 praebent
1342 1999 1423 2083 frgg.
1438 2005 1460 2065 6

288 2106 363 2168 818
389 2107 430 2168 23
455 2107 496 2168 29
522 2108 562 2168 31
590 2109 630 2168 34
656 2107 697 2168 35
721 2105 792 2186 (363
808 2103 959 2168 Boeckhii
975 2105 1163 2169 coniectura
1179 2125 1217 2169 eo
1234 2105 1454 2184 confirmatur,

288 2210 375 2294 quod
399 2216 569 2275 anctorum
593 2216 769 2275 concentus
793 2208 956 2295 efficitur).
988 2210 1127 2275 Hesiodi
1143 2232 1261 2276 nomen
1278 2214 1460 2278 certissime

288 2317 440 2400 supplere
464 2317 541 2382 licet
563 2316 623 2400 frg.
651 2317 693 2383 1⁴.

847 2476 897 2542 II.

375 2623 648 2704 Fragmentorum
683 2643 755 2702 quae
792 2621 970 2685 sententias
1006 2621 1047 2684 ab
1082 2620 1230 2685 Hesiodo
1265 2621 1361 2704 plane
1398 2622 1463 2686 dis-

287 2736 459 2812 crepantes
497 2728 680 2812 continent,
719 2733 849 2810 poetam
888 2728 1077 2791 nominatim
1117 2725 1258 2792 afferunt
1296 2728 1376 2810 frgg.
1422 2733 1457 2793 17

287 2844 320 2900 et
344 2840 396 2900 22.

374 2943 502 3006 Ascraei
532 2963 650 3006 nomen
683 2963 748 3004 non
781 2940 948 3005 exhibent:
979 2941 1037 3024 frg.
1064 2951 1098 3005 4:
1132 2941 1309 3021 Hesiodus,
1338 2942 1461 3007 ubido

286 3050 444 3114 malorum
468 3049 658 3114 custodibus
682 3047 782 3112 verba
805 3047 892 3132 facit,
917 3054 974 3112 aut
989 3048 1193 3131 Hesperides
1209 3050 1357 3113 nominat
1380 3048 1457 3136 (Tu.

287 3161 350 3222 215
369 3180 410 3239 s.3
435 3155 525 3222 Serv.
550 3156 650 3238 Verg.
675 3153 763 3223 Aen.
776 3154 828 3219 IV
853 3156 930 3238 484)
948 3163 1006 3220 aut
1022 3156 1195 3221 draconem
1212 3155 1286 3238 (Th.
1305 3158 1369 3220 333
1387 3156 1454 3242 ss),

286 3286 459 3347 numquam
478 3284 553 3327 vero
570 3261 745 3344 Harpyias.
766 3301 801 3310 —
822 3261 900 3343 Frg.
920 3265 975 3325 19:
1001 3261 1176 3327 Acusilaus
1192 3265 1225 3326 in
1243 3262 1325 3344 Argi
1343 3284 1461 3345 genea-

285 3372 371 3457 logia
394 3371 435 3434 ab
451 3369 599 3434 Hesiodo
624 3369 812 3434 discessisse
838 3368 974 3432 videtur.
1008 3369 1233 3451 Praeterquam
1258 3369 1343 3432 enim
1367 3367 1455 3451 quod

285 3485 398 3542 noster
421 3476 509 3541 solus
540 3477 633 3541 testis
658 3483 717 3561 est,
748 3474 897 3538 Hesiodo
922 3475 987 3540 alia
1010 3475 1185 3540 tribuenda
1217 3495 1288 3539 esse
1321 3475 1460 3556 vestigia

286 3584 434 3667 quaedam
458 3583 614 3649 indicant.
660 3581 788 3666 Argum
813 3581 914 3645 filium
939 3582 1037 3646 fuisse
1064 3579 1276 3666 tradunr:¹⁴³)
1304 3580 1335 3666 1)
1360 3580 1457 3664 Ago·

285 3693 408 3768 noris,
439 3691 525 3774 quod
551 3697 687 3755 stemma
711 3711 750 3752 ex
773 3688 913 3752 Hesiodi
938 3687 1142 3774 Catalogis
1167 3710 1317 3752 manasse
1340 3688 1461 3771 probat

286 3799 407 3879 Maass,
432 3798 484 3862 De
501 3796 622 3861 Aeseh.
641 3794 752 3879 Suppl.
779 3817 905 3878 comm,
928 3795 1001 3859 Ind.
1028 3794 1153 3878 Gryph.
1182 3798 1321 3878 1890J91
1348 3816 1378 3876 p.
1404 3797 1458 3858 32.

285 3907 319 3992 2)
343 3906 439 3990 Argi
462 3905 549 3968 Iovis
566 3904 746 3986 Niobaeque
770 3902 829 3966 filii
854 3909 886 3966 et
909 3903 1081 3967 'ismenus
1107 3902 1211 3984 Asopi
1235 3900 1310 3964 filiae
1334 3901 1368 3964 in
1385 3899 1458 3964 Ae-

285 4016 398 4097 gimio
423 4012 516 4095 (Hes.
541 4012 601 4093 t'rg.
629 4011 716 4095 188).
756 4009 877 4074 Nescio
902 4031 977 4072 num
1003 4031 1079 4073 casu
1104 4008 1225 4072 factum
1251 4008 1301 4089 sit,
1327 4014 1363 4071 ut
1387 4007 1458 4070 haec

285 4119 442 4203 Cercopis
465 4117 653 4202 (Hesiodii)
681 4118 844 4182 sententia
867 4117 971 4198 ipsam
994 4114 1142 4179 Acusilai
1167 4115 1350 4197 opinionem
1368 4121 1461 4178 ante-

374 4335 415 4387 ns,
437 4338 474 4386 (ts.
494 4336 640 4385 Wrrnirke
660 4349 702 4397 ap.
723 4334 905 4396 Pauly-ii'iss.
927 4347 949 4384 s,
970 4347 994 4380 v.
1014 4331 1100 4392 Argos
1121 4331 1169 4378 No.
1191 4328 1233 4382 n).
