3376 5178
657 421 878 482 ..51-

180 613 276 677 nibus
300 612 351 676 vel
374 619 462 676 certe
486 613 651 695 plerisque
676 633 872 689 communes,
898 613 1114 696 sejungamus‚
1140 614 1261 696 quippe
1285 613 1355 696 qui-

181 717 241 782 bus
266 717 415 784 Acusilai
438 718 606 801 proprium
621 719 843 783 testimonium
861 723 1023 782 servatum
1047 740 1118 783 esse
1141 719 1209 783 veri
1232 740 1297 784 non
1316 720 1359 783 sit

182 825 301 908 simile3
332 826 430 889 immo
456 846 629 906 sumemus,
653 824 727 889 illas
752 845 771 888 a
794 825 935 908 posteris
959 824 1109 890 Acusilai
1133 824 1261 890 cuidam
1285 847 1355 890 sen·

182 933 293 998 tentiae
317 931 447 997 additas
465 952 547 1016 esse,
571 937 608 995 ut
631 931 768 996 historia
784 930 939 998 evaderet
961 953 1028 998 una
1051 938 1149 1016 atque
1165 933 1248 997 hene
1273 953 1358 997 com·

181 1046 307 1124 parata,
339 1038 391 1103 vel
414 1039 619 1104 enuntiatum
644 1059 684 1103 ex
707 1038 866 1104 Aousilao
897 1038 1050 1105 haustum
1081 1040 1261 1104 narrationi
1285 1061 1357 1105 esse

180 1149 349 1212 insertum.

269 1270 411 1337 Auctori
434 1281 548 1334 nostro
572 1270 673 1356 igitur
697 1269 927 1335 attribuemus:
960 1274 992 1356 l)
1017 1271 1194 1336 sententias
1219 1294 1291 1355 quae
1315 1272 1357 1336 ab

182 1378 389 1462 opinionibus
404 1378 492 1442 tritis
507 1375 771 1462 pervulgatisque
789 1375 986 1460 discrepant,
1010 1378 1044 1462 2)
1067 1379 1175 1444 omnia
1195 1401 1357 1462 quaecum

181 1486 331 1551 Acusilai
355 1485 482 1551 ratione
507 1493 604 1567 atque
629 1483 765 1549 consilio
789 1490 981 1567 congruunt.

269 1609 416 1674 Mediam
438 1607 527 1672 illam
551 1614 688 1690 partem,
714 1605 904 1689 πυθόμενος
926 1647 969 1654 —-
993 1605 1049 1673 ἐπὶ
1066 1613 1245 1694 στρατείαν,
1271 1610 1358 1674 Acu-

182 1717 262 1782 silao
286 1715 507 1802 abrogandam
533 1736 604 1780 esse
627 1722 775 1801 apparet,
800 1715 920 1799 quippe
944 1737 1016 1798 quae
1032 1715 1269 1782 historiuncula
1292 1717 1357 1781 iarn

182 1825 214 1886 in
231 1823 383 1903 carmine,
401 1822 488 1905 quod
504 1819 697 1906 inscriptum
710 1828 782 1887 erat
794 1812 889 1897 Ἰλιάς
900 1821 1009 1907 μικρά,
1027 1831 1160 1888 narrata
1173 1822 1357 1909 fuisset.¹¹⁰)

180 1931 270 2015 Ergo
305 1936 362 1994 aut
396 1928 574 1994 Acusilaus
608 1928 750 1994 Parram
786 1927 927 1994 Iliadem
961 1929 1186 2013 excerpsit¹¹¹l
1223 1931 1358 2013 haecque

182 2037 297 2102 scholii
318 2059 397 2121 pars
421 2057 461 2101 ex
483 2041 596 2101 nostro
614 2042 748 2101 auctore
764 2037 908 2101 manavit
931 2044 989 2102 aut
1012 2035 1115 2121 (quod
1131 2039 1213 2101 mihi·
1227 2037 1357 2121 quidem

181 2147 214 2209 in
238 2143 370 2209 scholiis
387 2143 483 2207 huius
500 2142 613 2208 farinae
630 2142 734 2208 multo
750 2143 954 2228 probabilius
971 2165 1042 2208 esse
1058 2143 1200 2226 videtur)
1225 2144 1357 2209 aliunde

181 2252 250 2316 haec
274 2249 394 2315 fabulae
417 2270 495 2333 pars
519 2247 665 2336 ἱστορίας
696 2249 874 2315 efficiendae
906 2271 1006 2315 causa
1028 2251 1152 2315 inserta
1176 2257 1226 2315 est
1256 2251 1358 2334 (quod

182 2372 270 2424 certe
295 2379 353 2442 per
383 2377 507 2422 senon
538 2363 628 2422 vetat
659 2358 811 2444 cogitare,
844 2358 943 2422 etiam
966 2356 1160 2422 Acusilaum
1192 2357 1253 2422 hoc
1284 2381 1357 2423 nar·

181 2465 296 2552 rasse).
344 2463 452 2549 Quam
476 2464 694 2547 suspicionem
724 2473 887 2547 praeterea
911 2463 982 2528 duae
1007 2465 1171 2547 praecipue
1195 2485 1248 2528 res
1273 2485 1358 2528 com-

180 2573 350 2639 mendant:
377 2572 409 2656 1)
433 2571 532 2637 Hanc
548 2571 649 2636 fuisse
665 2571 809 2636 fabulam
827 2577 970 2636 constat:
996 2571 1065 2639 Viti
1090 2593 1192 2636 aurea
1215 2571 1291 2636 olim
1315 2572 1356 2637 ab

180 2681 259 2746 Iove
282 2700 342 2761 pro
367 2675 560 2761 Ganymede
584 2677 723 2761 data¹¹⁰)
746 2679 917 2762 Astyocha
940 2677 1083 2743 adducta
1107 2684 1166 2760 est,
1195 2684 1232 2742 ut
1254 2677 1356 2742 filium

181 2785 315 2850 Troiam
338 2785 491 2866 mitteret,
524 2787 671 2868 quamvis
695 2785 861 2869 Telephus
894 2791 1029 2849 sanatus
1060 2806 1167 2867 neque
1192 2807 1226 2849 se
1249 2785 1355 2868 ipsum

182 2914 287 2975 neque
311 2892 432 2957 liberos
456 2898 571 2956 contra
595 2895 729 2961 Graecos
757 2898 958 2974 pugnaturos
988 2913 1059 2956 esse
1083 2889 1356 2975 promisisset¹¹²l

182 2998 293 3084 Quare
308 3037 350 3044 —
368 3005 401 3063 et
416 2999 486 3063 haeo
504 3005 553 3063 est
569 2999 639 3063 vitii
654 3019 752 3081 poena
768 3036 809 3046 -
826 2997 911 3062 filius
928 2997 1060 3063 Troiam
1085 2999 1202 3064 missus
1226 3020 1246 3063 a
1268 2998 1302 3065 N
1305 3020 1357 3063 eo-

180 3105 324 3189 ptolemo
347 3104 553 3170 interficitur.
581 3101 632 3170 At
647 3106 712 3169 iam
728 3126 769 3169 ne
785 3111 872 3170 tecto
889 3105 1020 3187 quidem
1036 3105 1136 3170 verbo
1153 3104 1243 3170 fraus
1258 3108 1355 3188 Asty-

181 3212 271 3277 oohae
307 3212 482 3281 indicatur.
530 3210 605 3296 Qua
637 3233 676 3276 ex
712 3234 747 3276 re
780 3212 880 3294 igitur
912 3211 995 3276 effici
1027 3213 1219 3295 putaverim,
1258 3212 1356 3296 plane

182 3319 355 3402 abruptam
379 3319 463 3384 hano
489 3319 609 3384 fabulae
632 3325 759 3402 partem
791 3319 833 3383 ad
856 3320 1027 3384 historiam
1051 3318 1285 3384 conficiendam
1308 3319 1356 3383 in·

182 3432 302 3492 sertam
327 3447 406 3492 esse.
455 3425 489 3512 2)
513 3426 575 3491 Ed.
601 3424 766 3491 Schwartz
798 3427 820 3489 l.
844 3427 865 3490 l.
889 3450 920 3510 p.
946 3430 1009 3492 447
1043 3427 1208 3510 exposuit:
1257 3423 1357 3511 „Qui-

182 3555 319 3616 cumque
353 3535 454 3619 igitur
489 3534 699 3598 inveniuntur
730 3554 907 3599 consensus
939 3533 1146 3599 bibliothecae
1178 3533 1356 3616 taliumque

182 3639 389 3721 scholiorum,
422 3661 478 3705 eos
509 3640 680 3704 maximam
711 3647 839 3722 partem
871 3661 937 3704 non
968 3639 1011 3704 ad
1041 3646 1184 3704 veterem
1216 3639 1357 3721 aliquem

270 3829 316 3896 110)
336 3832 435 3880 llinkel
455 3831 518 3879 EGF
537 3845 564 3892 p.
577 3829 611 3879 41
626 3844 648 3878 s.
669 3831 718 3892 srg.
738 3829 768 3892 63
789 3831 876 3882 Proel.
897 3831 961 3883 ibid.
981 3846 1007 3893 p.
1022 3830 1065 3882 37.
1087 3859 1113 3866 -
1134 3830 1171 3881 cf.
1192 3831 1227 3878 de
1246 3829 1355 3881 Wilnm.

185 3921 259 3969 llom.
280 3921 389 3970 Unters,
409 3934 434 3982 p.
455 3917 507 3970 152
527 3933 548 3968 s.

269 4005 316 4072 111)
337 4007 381 4057 Sic
401 4007 503 4057 Stiehle
523 4008 539 4055 l.
561 4009 578 4058 l.
598 4022 623 4069 p.
637 4006 697 4072 olo,
718 4008 764 4070 qui
785 4014 891 4057 ceteras
911 4022 1023 4071 quoque
1043 4008 1161 4067 fabulae,
1182 4021 1247 4069 quae
1266 4007 1357 4068 Troja-

184 4112 281 4147 norum
300 4111 346 4146 res
365 4101 491 4157 tractant,
519 4097 566 4147 illo
593 4111 628 4146 ox
654 4098 777 4146 carmine
796 4098 831 4146 ah
849 4097 979 4146 Acusilao
1003 4098 1120 4146 haustas
1146 4109 1211 4146 esse
1230 4096 1356 4148 coniecit.

271 4183 315 4250 111)
336 4186 427 4236 Schol.
448 4187 504 4236 luv.
532 4186 586 4238 Sat.
606 4186 639 4235 Vl
658 4185 724 4240 655:
754 4223 776 4250 „.
797 4226 803 4238 .
824 4223 829 4234 .
851 4185 1010 4249 (Telephus)
1038 4186 1113 4235 venit
1133 4185 1261 4248 supplex,
1289 4186 1357 4247 petit

184 4277 227 4337 (ab
247 4272 363 4341 Achille)
390 4289 421 4324 se
440 4274 541 4335 curari,
569 4274 708 4337 promisso
728 4275 788 4334 hoc,
817 4279 847 4323 ut
866 4288 1019 4336 numquam
1046 4275 1100 4322 iam
1124 4274 1260 4322 auxilium
1288 4273 1357 4322 ferat

183 4363 307 4426 Trojanis
327 4377 378 4412 uec
398 4364 458 4426 ipse
478 4377 529 4412 nee
548 4364 583 4413 de
602 4363 662 4412 suis
682 4364 785 4426 aliquis
805 4401 811 4413 .
832 4401 837 4410 .
858 4363 881 4414 ,“
