3376 5178
824 423 1045 482 ...62-

346 614 433 678 tiunt
448 613 595 677 homines
613 612 709 692 docti,
736 633 873 695 quorum
890 613 946 677 alii
968 634 1028 697 pro
1045 612 1213 691 Acusilao,
1238 617 1524 682 contradixerunt

345 717 470 802 aliem)
500 718 647 784 Fortiter
671 741 709 784 ac
733 725 866 784 strenuo
890 727 931 800 et,
957 728 994 785 ut
1016 721 1095 785 mihi
1118 723 1250 804 quidem
1274 722 1412 805 videtur,
1438 727 1523 809 opti·

345 847 397 891 mo
423 827 493 890 iure
517 824 614 890 fidem
638 826 895 912 fragmentorum
919 829 1143 910 pronuntiavit
1159 829 1363 912 Lipsius¹³⁸t
1397 829 1524 896 Genui-

344 954 423 997 num
446 932 595 998 Acusilai
629 954 711 1015 opus
734 939 855 1016 praeter
878 934 960 998 alios
991 935 1088 1000 etiam
1114 937 1163 999 vir
1186 937 1266 1000 artis
1290 937 1412 1002 criticae
1436 941 1525 1021 peri-

344 1040 488 1104 tissimus
512 1039 707 1105 iudicavisse
731 1039 860 1105 videtur
884 1039 943 1123 frg.
970 1043 1027 1124 123
1058 1043 1156 1107 etiam
1180 1041 1383 1127 Hermippus
1408 1043 1525 1126 (FHG

345 1146 456 1211 11137
471 1145 532 1230 frg.
543 1147 588 1232 8),
601 1147 657 1230 qui
669 1149 747 1211 item
759 1147 846 1212 inter
858 1148 944 1212 viros
957 1148 1105 1212 doctrina
1117 1156 1312 1231 praestantes
1326 1152 1433 1215 aetatis
1445 1150 1527 1216 Ale·

346 1253 515 1318 xandrinae
537 1261 738 1335 numeratur,
764 1253 804 1317 de
820 1252 978 1318 Acusilao
1002 1254 1090 1319 haud
1107 1255 1326 1338 spernendum
1342 1257 1418 1321 tulit
1441 1257 1524 1320 iudi·

347 1361 442 1438 cium,
466 1367 592 1442 septem
617 1360 819 1443 sapientibus
844 1382 917 1424 eum
941 1360 1169 1426 adnumerans.
1202 1360 1344 1426 Omnino
1368 1363 1450 1427 nihil
1473 1386 1526 1428 rc·

345 1469 472 1551 peritur
496 1467 584 1550 quod
600 1468 720 1532 iustam
742 1474 873 1532 moveat
888 1467 1134 1548 dubitationem,
1158 1470 1256 1533 immo
1274 1477 1390 1536 contra
1412 1509 1453 1518 -
1480 1493 1522 1536 ne

345 1582 493 1658 repetam
517 1574 686 1657 scriptoris
709 1574 902 1639 recentioris
933 1575 998 1640 tale
1032 1596 1113 1658 opus
1138 1576 1278 1641 subdere
1309 1577 1390 1640 nihil
1420 1578 1523 1642 inter·

345 1684 444 1748 fuisse
469 1718 508 1729 -
534 1679 719 1762 fragmenta
734 1681 827 1764 signa
842 1680 1087 1764 mythograpbis
1102 1681 1310 1748 Herodotum
1327 1684 1523 1750 anteceden-

344 1788 432 1854 tibus
467 1787 602 1871 propria
636 1809 704 1870 prae
739 1808 773 1851 se
807 1785 918 1851 ferunt
952 1788 1037 1869 (vide
1069 1809 1139 1872 cap.
1171 1789 1246 1872 IV),
1289 1791 1448 1856 nonnulla
1484 1811 1525 1856 ex

346 1896 489 1980 antiquis
534 1899 708 1959 manarunt
754 1894 944 1958 auctoribus
985 1894 1148 1978 (Platone,
1198 1895 1348 1960 Eudemo
1391 1897 1523 1963 Aristo-

345 2001 466 2088 telicol,
491 2007 661 2085 praterea,
687 2000 774 2083 quod
798 2000 840 2065 ad
857 2008 1093 2087 argumentum,
1117 2023 1195 2085 pars
1213 2023 1326 2066 eorum
1351 2010 1384 2069 et
1402 2026 1441 2068 ea
1456 2027 1523 2070 nou

346 2130 448 2194 parva
469 2109 579 2191 magni
595 2108 690 2172 nobis
714 2114 765 2172 est
788 2109 894 2191 pretii,
920 2128 993 2173 cum
1008 2108 1172 2172 interdum
1189 2109 1373 2175 fabularum
1397 2110 1522 2177 formas

345 2217 476 2282 aliunde
510 2237 575 2280 nou
598 2221 694 2280 notas
726 2214 776 2278 vel
808 2220 979 2279 stemmata
1007 2215 1114 2297 prisca
1145 2216 1330 2281 exhibeant.
1378 2217 1522 2298 Deinde,

345 2344 455 2389 nonne
480 2344 605 2388 summa
620 2321 839 2404 necessitudo,
863 2341 960 2404 qnam
976 2321 1062 2385 inter
1075 2319 1258 2386 Hesiodum
1276 2330 1309 2387 et
1324 2323 1523 2390 Acusilaum

345 2430 570 2496 intercessisse
594 2427 784 2513 videbimus
814 2427 847 2491 id
872 2427 955 2514 dico,
987 2427 1075 2510 quod
1098 2427 1271 2512 diligenter
1293 2429 1385 2494 illurn
1409 2439 1524 2498 noster

346 2544 478 2603 secutus
503 2541 561 2616 est,
592 2537 691 2600 etiam
714 2542 880 2600 auctorem
905 2534 1029 2598 indicat
1051 2535 1094 2598 ad
1116 2543 1248 2617 poetam
1270 2538 1406 2620 propius
1431 2560 1523 2604 acce-

346 2641 499 2711 dentem?
522 2643 675 2726 Denique
683 2641 717 2706 id
729 2643 834 2725 ipsum
848 2640 935 2724 quod
943 2640 1119 2706 Acusilaus
1130 2643 1311 2724 „Argivus“
1320 2644 1464 2710 traditus
1473 2653 1525 2710 est

346 2759 380 2816 et
402 2751 588 2835 fragmenta
611 2755 779 2814 auctorem
795 2746 929 2830 Argivis
952 2747 1114 2812 faventem
1131 2749 1298 2834 detegunt,
1323 2750 1521 2834 fragmento·

345 2881 415 2924 rum
440 2857 538 2924 fidem
562 2862 692 2941 augent.

434 2965 553 3030 Altera
584 2965 685 3046 igitur
715 2983 754 3026 ex
784 2969 878 3044 parte
908 2959 1065 3027 Acusilao
1096 2962 1172 3026 olim
1203 2985 1285 3046 opus
1317 2965 1520 3048 suppositum

344 3074 446 3139 fuisse
469 3072 539 3136 veri
563 3077 613 3136 est
637 3070 750 3149 simile,
777 3069 882 3134 altera
907 3090 982 3133 vero
1005 3091 1047 3134 ue
1069 3070 1241 3152 vestigium
1265 3070 1396 3152 quidem
1421 3070 1522 3137 falsa·

434 3223 478 3288 ¹³⁷)
500 3225 612 3275 Solvere
636 3237 692 3272 non
716 3223 800 3272 audet
825 3223 1010 3284 quaestionem
1036 3223 1230 3271 Westermaun
1257 3237 1300 3285 ep.
1320 3220 1419 3286 Paulyl
1448 3239 1471 3274 s.
1493 3241 1518 3277 v.

345 3316 507 3378 Akusilaos3
531 3313 661 3364 Welcker
686 3309 713 3378 (l.
740 3312 768 3375 l.)
795 3311 917 3360 Acusilei
943 3312 1121 3374 genealogIas
1147 3311 1258 3373 spurias
1285 3313 1430 3362 habendas
1457 3328 1522 3363 esse

344 3406 494 3466 contendit,
515 3403 631 3453 Mueller
650 3402 726 3464 (I'IIG
746 3416 770 3464 p.
791 3400 932 3463 XXXVIII)
952 3413 1023 3462 opus
1042 3400 1171 3448 Acusilao
1184 3401 1435 3451 AlexandrInorum
1455 3408 1521 3452 tem-

345 3495 459 3559 poribus
473 3493 618 3544 subditum
631 3491 762 3540 manibus
777 3505 828 3539 nos
838 3495 933 3539 tenere
943 3488 1018 3549 dicit,
1033 3489 1223 3538 Gutschmidio
1238 3487 1276 3553 (in
1288 3490 1390 3539 Flachii
1402 3491 1521 3555 Hesyclr.

345 3584 470 3634 Onomat
491 3598 516 3646 p.
536 3579 563 3650 7)
589 3580 724 3643 scripturn
746 3580 838 3645 „treus
858 3579 972 3627 Platone
992 3577 1144 3640 antiquior¹⁴
1165 3583 1221 3640 est;
1248 3578 1331 3627 etiam
1351 3579 1474 3629 Hercher
1493 3579 1521 3647 (l.

344 3671 372 3742 1.)
392 3675 547 3737 fragmenta
572 3671 644 3720 falsa
666 3683 731 3719 esse
750 3669 830 3730 dicit3
858 3667 999 3716 Susemihl
1026 3665 1112 3732 (Alex.
1132 3667 1209 3729 Littg.
1230 3665 1316 3727 1130,
1337 3666 1376 3729 7¹¹)
1398 3670 1521 3719 attribuit

345 3765 406 3830 „die
426 3763 599 3827 gelelschten
618 3760 686 3810 oder
704 3759 891 3808 verltlschten
906 3755 1106 3819 Genealogieu“
1127 3757 1217 3818 primo
1236 3771 1261 3818 p.
1282 3757 1343 3808 Chr.
1358 3771 1383 3810 n,
1404 3760 1520 3809 soeculo.

346 3855 378 3903 Ut
397 3855 432 3904 dc
452 3852 532 3903 Sittlii
560 3849 673 3913 ineptus
692 3853 809 3906 taceam,
837 3847 905 3896 satis
932 3845 1040 3894 habebo
1066 3859 1302 3895 commemorasse
1322 3846 1349 3897 C.
1371 3847 1519 3903 FrIckium,

343 3944 424 3994 cuius
444 3957 479 3992 ex
498 3946 591 3992 mente
611 3937 689 4002 trg.1
709 3936 861 4003 (Damascii
881 3936 960 3984 Iocus
980 3939 1007 3983 et
1026 3935 1114 3983 schol.
1127 3935 1240 3985 Tlreocr.
1261 3949 1316 3998 arg.
1337 3936 1373 3986 id.
1393 3937 1465 3998 XIII)
1485 3937 1519 3984 ad

342 4033 519 4084 talsationem
532 4029 761 4093 Neoplatonicam
781 4025 907 4088 pertinet,
928 4029 1021 4072 cetera
1039 4037 1104 4072 vcro
1124 4025 1245 4086 genuina
1262 4029 1328 4073 suut
1348 4025 1484 4088 (Beitrage
1499 4041 1519 4073 z.

342 4124 446 4186 griech.
465 4122 542 4184 Littg.
564 4135 589 4171 u.
610 4120 709 4169 Chron.
731 4131 756 4179 p.
776 4113 793 4165 3
813 4129 862 4174 ss,
883 4114 930 4176 qui
950 4117 1044 4161 tamen
1062 4113 1133 4162 liber
1151 4114 1219 4161 mihi
1243 4118 1345 4175 praesto
1365 4127 1421 4163 non
1441 4115 1520 4178 erat).

432 4209 475 4274 ¹³8)
496 4210 599 4270 Quaest.
620 4209 733 4271 logogr„
759 4217 849 4267 progr.
869 4203 942 4264 Lips.
966 4199 1036 4252 1886
1055 4216 1080 4263 p.
1100 4199 1117 4252 9
1137 4215 1175 4250 ss.
1196 4202 1346 4250 Hominum
1365 4202 1519 4251 doctorum.

340 4306 387 4368 qui
408 4302 533 4366 LIpsiurn
553 4297 642 4349 secuti
662 4299 737 4355 sunt,
766 4307 854 4342 unum
874 4291 985 4340 laudem
1007 4291 1204 4339 Schwartzium
1228 4305 1270 4352 ap.
1291 4291 1476 4354 Pauly-wisa.
1498 4307 1520 4340 s.

341 4411 364 4445 v,
385 4395 544 4446 Abusilaus
