3376 5178
789 403 1011 464 „13-

315 594 404 679 Quid
426 596 549 678 igitur?
594 594 714 660 Nonne
746 595 808 659 hae
839 616 968 678 quoque
999 617 1035 659 re
1069 594 1282 660 confirmatur
1314 594 1486 673 sententia,

313 709 461 766 nostrum
478 703 604 767 ratione
619 702 728 767 nescio
753 724 818 785 qua
834 724 906 765 eum
923 702 1070 767 Homero
1095 703 1156 767 hac
1172 705 1206 766 in
1222 724 1257 767 re
1281 702 1487 767 coniunctum

315 808 438 874 fuisse?

402 916 477 980 Hoe
491 915 639 981 Acusilai
655 916 873 1000 fragmentum
890 917 919 981 ei
937 917 1043 1000 operis
1056 918 1142 1000 parti
1159 915 1390 999 assignandum
1407 936 1488 996 esse,

315 1046 379 1106 qua
410 1024 649 1105 oosmogoniam
681 1023 913 1107 explicaverat,
945 1031 978 1089 et
1003 1025 1163 1107 expressis
1194 1025 1301 1088 verbis
1326 1023 1488 1106 Didymus

314 1137 456 1195 testatur
468 1128 533 1214 (διὰ
546 1138 602 1216 τῆς
614 1129 745 1217 πρώτης
758 1129 916 1217 ἱστορίας)
930 1138 963 1195 et
975 1130 1173 1217 Theogoniae
1186 1131 1363 1196 Hesiodea
1375 1152 1488 1194 versus

314 1241 491 1304 337-370
515 1261 574 1303 nos
599 1238 733 1322 docent3
758 1240 898 1321 denique
922 1246 1150 1321 argumentum
1173 1239 1235 1304 hoc
1259 1239 1413 1322 postulat.

405 1417 504 1501 Μ.
529 1417 558 1480 8
583 1416 633 1502 (3)
664 1449 689 1467 =
720 1417 819 1483 sohel.
846 1418 919 1484 Hes.
947 1417 1060 1500 Theop.
1086 1419 1152 1482 379
1174 1435 1206 1498 p.
1233 1420 1295 1483 419
1319 1417 1398 1483 Gois
1420 1417 1490 1504 .³²'):

394 1568 568 1664 Zpydorpv.
592 1576 647 1641 τὸν
672 1567 744 1654 ὀξὺν
766 1577 821 1640 καὶ
844 1575 940 1658 ταχὺν
962 1577 1017 1640 καὶ
1040 1575 1186 1664 καθαρὸν
1200 1569 1360 1664 -ᾌργέστφν
1382 1582 1489 1665 Ζέφυ-

314 1709 369 1771 ρον
391 1681 474 1749 eirca
498 1689 643 1772 Ζέφυρον
666 1684 699 1749 δὲ
721 1685 806 1768 λέγει
829 1684 884 1749 τὸν
908 1673 1020 1771 Εὗρον.
1048 1694 1127 1749 Πνεῑ
1149 1677 1370 1773 δὲὲίργέστης,
1396 1678 1413 1750 5
1436 1686 1490 1749 καὶ

293 1865 295 1872 γ
314 1779 416 1876 Εὖρος
438 1791 639 1874 καλούμενος,
664 1784 732 1857 ἄνευ
755 1784 919 1879 ἀνατολῆς,
951 1786 968 1857 5
992 1791 1024 1856 δὲ
1047 1796 1192 1878 Ζέφυρος
1215 1784 1283 1857 cirri)
1311 1792 1440 1871 δύσεως,
1473 1784 1490 1857 5

315 1899 348 1963 δὲ
363 1908 486 1984 Βορρᾶς
498 1891 565 1964 cirri)
581 1908 637 1987 τῆς
652 1893 779 1984 ἄρκτου,
797 1902 851 1965 καὶ
868 1893 884 1964 5
897 1898 1004 1977 Νότος
1016 1891 1084 1966 οἷττὸ
1096 1905 1303 1987 μεσημβρίας.
1321 1892 1490 1966 ’Λκουσί-

287 2006 402 2083 σλαος
417 2006 450 2070 δὲ
466 2018 551 2090 τρεῖς
566 1998 701 2089 οἷνέμσυς
717 2003 800 2071 εἶναί
817 2027 897 2094 φησι
913 2004 994 2070 κατὰ
1009 1999 1163 2086 Ἡσίοδον,
1187 2015 1320 2092 Βορρᾶν,
1344 2011 1488 2094 Ζέφυρον

315 2114 369 2177 καὶ
385 2113 500 2178 Νότον·
517 2123 574 2178 τοῦ
590 2113 650 2198 γὰρ
665 2113 813 2201 Ζεφύρου
826 2112 982 2178 ἐπίθετον
998 2113 1036 2178 τὸ
1049 2107 1226 2199 Ἀργέστην
1241 2118 1348 2200 φησίν.
1358 2108 1491 2200 ’Όμηρος

315 2222 360 2305 (Α
386 2225 462 2304 306)
487 2213 755 2308 εἶττενἍργέστην
778 2219 833 2286 τὸν
856 2220 1048 2288 λευκόνοτον.
1073 2229 1169 2284 τοῦτο
1192 2213 1279 2306 ἄρχή,
1305 2212 1491 2306 diripientem

317 2333 406 2415 (ppei.
437 2333 593 2414 Ζητητέον
615 2328 648 2392 δὲ
672 2322 723 2392 ὅτι
751 2328 850 2413 χωρὶς
878 2327 1052 2409 συνδέσμου
1075 2319 1253 2414 Ἀρνέστην
1276 2331 1420 2414 Ζέφυρον
1443 2321 1490 2390 εἷ-

316 2437 431 2521 nsaw)

406 2597 538 2662 Seholia
549 2597 719 2662 Hesiodea
738 2602 858 2680 prater
871 2603 981 2661 cetera
994 2596 1162 2660 incondita
1181 2603 1279 2679 atque
1299 2595 1491 2679 perturbata

316 2703 409 2769 nobis
423 2705 544 2768 tradita
561 2726 631 2769 osse
648 2705 797 2768 omnibus
814 2711 935 2767 notum.
962 2703 1011 2767 Ao
1027 2704 1163 2786 primum
1179 2703 1398 2786 quaerendum,
1412 2707 1493 2784 quot

317 2818 429 2875 ventos
448 2833 517 2875 esse
529 2810 698 2876 Hesiodus
712 2813 886 2894 putaverit.
924 2808 1012 2893 Quin
1026 2819 1123 2892 poeta
1136 2817 1202 2873 tres
1220 2809 1396 2892 agnoverit,
1417 2815 1492 2891 post

316 2918 499 2982 Usenerum
523 2918 557 3002 (l.
584 2917 624 3003 e.)
648 2940 713 2982 non
737 2920 801 2981 iam
837 2917 971 2981 dubium
1003 2923 1061 2997 est,
1097 2917 1152 2999 qui
1176 2917 1217 2980 ad
1242 2915 1304 2980 hoe
1336 2915 1490 2979 iudiciuin

317 3025 573 3088 confirmandum
591 3026 713 3108 optimo
731 3027 801 3088 iure
819 3024 969 3088 adhibuit
984 3023 1134 3088 Acusilai
1150 3023 1382 3104 testimonium,
1400 3023 1492 3085 ouius

316 3132 599 3214 necessitudinem,
633 3154 698 3214 qua
728 3154 800 3196 oum
823 3131 972 3195 Hesiodo
1003 3131 1194 3212 conjunctus
1219 3130 1327 3209 fuerit,
1360 3129 1491 3194 aliunde

317 3241 397 3304 satis
423 3240 585 3322 cognitam
609 3239 798 3304 habeamus.

406 3345 599 3411 Acusilaum
624 3368 753 3429 quoque
777 3347 878 3429 igitur
901 3352 968 3410 tres
986 3367 1256 3411 commemorasse
1282 3351 1396 3409 ventos
1419 3344 1491 3408 luce

317 3463 367 3519 est
390 3455 519 3519 elarius.
554 3455 671 3519 Restat
687 3454 766 3518 illud
784 3461 840 3518 τοῦ
856 3451 918 3538 γὰρ
933 3451 1081 3541 Ζεφύρου
1099 3451 1256 3518 ε’ττέθετον
1271 3451 1309 3517 τὸ
1324 3443 1493 3537 Ἀργέστην

318 3565 407 3648 φησί.
433 3562 512 3626 Veri
530 3571 580 3626 est
597 3561 856 3646 dissimillimum,
873 3559 1066 3626 Acusilaum
1081 3562 1243 3644 expressis
1257 3560 1365 3625 verbis
1377 3550 1492 3643 ’Λργέ-

317 3690 393 3754 στρν
416 3669 561 3752 Zephyri
578 3669 746 3751 epitheton
762 3669 964 3751 nominasse3
989 3670 1086 3732 immo
1104 3667 1334 3750 grammaticus
1357 3666 1413 3730 ille
1438 3666 1493 3749 qui

318 3777 438 3859 optime
463 3774 612 3840 Acusilai
643 3775 714 3839 loeo
745 3776 785 3838 ad
819 3785 942 3839 rectam
974 3798 1087 3839 versus
1109 3774 1268 3838 Hesiodei
1298 3775 1491 3855 interpreta-

406 3990 438 4054 ³⁵2j
460 3994 561 4041 scholii
581 3993 800 4053 conceptionem,
820 4006 905 4053 quam
927 3992 1008 4039 Flerh
1029 3989 1059 4054 (l.
1074 4005 1097 4039 o.
1112 4006 1136 4052 p.
1157 3988 1219 4052 251)
1240 3990 1354 4052 praehet,
1375 3989 1493 4038 abicien-

318 4084 381 4131 durn
402 4097 466 4130 esse
487 4096 575 4144 nuper
595 4096 646 4129 uos
666 4081 894 4140 ducunt-Usener,
916 4082 965 4129 Rh.
987 4081 1018 4128 M.
1041 4080 1117 4129 LVIH
1139 4077 1228 4141 (1903)
1249 4094 1275 4141 p.
1295 4079 1319 4131 5.

405 4168 438 4236 3)
459 4172 497 4220 Ch
523 4171 690 4219 sehunnann
718 4184 815 4231 opusr.
845 4171 867 4218 H
892 4169 944 4221 516
971 4183 1007 4227 s.;
1036 4169 1116 4227 Rdht
1145 4169 1204 4218 th.
1233 4169 1249 4217 h
1277 4169 1345 4217 Phss.
1373 4183 1399 4216 u.
1427 4168 1493 4218 Pau.

318 4259 388 4310 1810
408 4275 433 4322 p.
453 4259 501 4321 203
523 4261 614 4318 Flam,
636 4260 653 4308 l.
674 4274 696 4308 c.
717 4273 742 4320 p.
763 4257 814 4309 103
834 4274 857 4307 s
877 4257 936 4309 113.
956 4256 1019 4314 120;
1046 4258 1181 4316 Muetzell,
1204 4259 1241 4305 De
1263 4259 1372 4307 emend.
1392 4257 1493 4318 Theog.

319 4348 832 4411 pussssffieUffimmhrquhs
