3376 5178
660 394 878 454 ,ῃ-

271 588 409 652 lantiam
433 588 591 652 rationem
617 608 681 670 qua
705 588 738 649 in
762 585 1024 670 genealogiarum
1047 584 1138 648 libris
1162 604 1354 666 eornpouen-

184 695 236 760 dis
258 693 436 760 Acusilaus
461 715 538 758 usus
562 695 613 769 sit,
638 681 806 777 paululum
830 693 1049 775 inspiciamus,
1095 691 1207 754 Prosae
1233 691 1353 754 oratio-

167 803 232 866 'nis
258 799 451 884 scriptorum
482 802 536 883 qui
561 799 786 882 Thucydidem
811 798 1019 881 antecedunt,
1051 797 1200 861 Hecataei
1225 796 1353 860 Xanthi

182 907 383 992 Pherecydis
398 907 562 972 Herodoti
586 907 720 972 aliorum
746 905 818 970 dico
835 905 990 988 reliquias
1015 905 1041 968 si
1064 904 1251 987 perspicies
1276 924 1354 967 non-

182 1015 272 1080 nulla
295 1015 444 1080 omuibus
467 1014 555 1079 hisee
580 1013 768 1078 auctoribus
793 1013 975 1077 eommunia
997 1010 1057 1075 tibi
1083 1018 1270 1074 occurrent:
1301 1030 1352 1073 ea-

181 1122 256 1186 dem
280 1144 321 1186 ne
346 1121 499 1186 Acusilao
528 1120 658 1204 quidem
684 1120 810 1184 desunt.
857 1119 907 1183 Eo
931 1119 1031 1200 igitur
1055 1123 1088 1180 et
1111 1117 1192 1180 fides
1216 1122 1355 1198 augetur

180 1229 438 1310 fragmentorum
462 1236 495 1292 et
518 1228 659 1292 auctoris
685 1234 763 1291 artas
787 1225 856 1289 fere
881 1224 1043 1290 definitur.

271 1389 446 1453 Acusilaus
474 1388 681 1471 genealogias
710 1388 893 1468 composuit
923 1387 1007 1450 sicut
1029 1385 1206 1448 Hecataeus
1232 1383 1352 1447 Phere-

181 1495 290 1578 cydes.
329 1497 465 1560 Iuitium
488 1494 567 1560 facit
591 1517 610 1559 1
633 1516 740 1558 rerum
766 1493 961 1576 primordiis
987 1491 1104 1556 deinde
1129 1491 1169 1553 de
1195 1491 1256 1554 diis
1278 1511 1352 1553 nar·

182 1607 242 1687 rat,
268 1608 446 1684 sequuntur
462 1601 606 1666 historiae
628 1607 661 1664 et
683 1600 880 1686 genealogiae
898 1598 1092 1678 mortalium,
1117 1618 1254 1680 quorum
1278 1611 1354 1659 auc-

180 1715 270 1774 tores
301 1708 429 1792 profert
459 1708 533 1794 1115.
560 1710 600 1772 16
626 1730 650 1772 s.
676 1711 718 1772 20
742 1706 796 1791 s‚):
829 1706 1052 1790 Pherecydem
1082 1706 1115 1768 in
1140 1704 1355 1787 comparatio-

181 1836 256 1878 nem
281 1837 385 1880 voces.
424 1815 513 1880 Num
537 1816 635 1880 etiam
659 1836 762 1897 usque
786 1813 828 1878 ad
853 1835 912 1878 sua
935 1819 1083 1895 tempora
1107 1810 1275 1875 historiam
1299 1809 1353 1874 de·

183 1921 322 2007 duxerit,
347 1944 406 2006 pro
431 1930 520 1987 certo
545 1931 578 1986 et
603 1921 769 2004 explorato
794 1920 908 1985 haberi
932 1919 1053 2002 nequit,
1086 1941 1158 1983 oum
1185 1917 1352 2001 vestigium

181 2050 248 2092 non
271 2029 466 2110 inveniatur,
497 2028 582 2093 unde
606 2029 667 2092 hoc
692 2028 849 2111 suspicari
873 2027 979 2090 liceat.

270 2179 347 2244 Non
377 2179 461 2244 tales
493 2187 608 2245 auctor
639 2180 753 2261 quales
784 2179 845 2243 sibi
875 2177 1014 2243 traditos
1046 2177 1191 2259 repperit
1221 2175 1352 2262 mythos

183 2307 311 2368 semper
341 2286 495 2366 exhihuit,
528 2287 584 2350 sed
609 2287 754 2350 nascitur
777 2284 931 2350 cernendi
957 2284 1098 2348 studium
1130 2303 1248 2364 arsque
1272 2281 1355 2344 iudi-

183 2393 287 2473 candi,
311 2415 376 2457 non
400 2394 446 2459 ita
471 2415 558 2471 sane,
583 2399 620 2456 ut
642 2393 769 2458 fabulas
793 2413 813 2457 a
836 2392 921 2456 veris
944 2390 1038 2456 factis
1058 2390 1257 2474 distinguere
1281 2413 1354 2473 pos-

184 2500 240 2581 sit3
269 2499 504 2582 sedquoniam
527 2500 655 2583 mythos
683 2500 875 2583 fabulasque
899 2519 1059 2582 pruvera
1083 2496 1182 2561 habet
1207 2496 1353 2579 historia,

182 2606 316 2672 lacunas
341 2607 459 2690 explet,
491 2607 726 2690 discrepantias
751 2607 855 2687 solvit,
883 2605 1070 2682 inordinata
1094 2604 1221 2686 digerit,
1247 2604 1354 2669 soluta

182 2714 355 2797 componit,
380 2715 497 2797 cuique
522 2715 587 2778 sive
612 2713 672 2777 deo
698 2714 764 2777 sive
788 2712 927 2789 mortali,
958 2719 990 2776 et
1014 2716 1158 2775 monstro
1184 2717 1216 2774 et
1240 2710 1352 2775 hestiae

182 2827 306 2885 certum
330 2827 437 2885 ortum
454 2827 552 2904 atque
576 2841 693 2884 nomen
710 2819 869 2884 attribuit.
901 2819 978 2884 Huc
1001 2818 1125 2882 faciunt
1143 2818 1250 2882 omnia
1267 2817 1352 2900 frag·

182 2934 293 2992 menta
316 2950 388 3010 quae
413 2934 535 2992 certam
569 2927 721 2991 exhibent
745 2929 945 3008 prosapiam3
976 2933 1136 3008 praeterea
1160 2925 1352 2989 nominatim

182 3033 317 3098 afferam
340 3034 423 3119 frgg.
452 3039 466 3098 1
493 3039 513 3099 2
538 3038 556 3098 5
585 3037 624 3098 10
650 3037 690 3097 13
718 3038 757 3097 14
785 3038 824 3097 15
849 3037 888 3096 21
916 3035 957 3096 23
982 3037 1023 3097 26
1049 3035 1090 3096 35
1108 3033 1187 3114 (39).
1236 3029 1237 3034 ’

271 3195 318 3258 Α1
354 3197 386 3258 in
421 3196 518 3259 rebus
551 3194 740 3278 simpliciter
773 3193 1000 3257 enumerandis
1032 3199 1130 3275 atque
1162 3191 1353 3256 enarrandis

181 3302 312 3365 minime
336 3302 525 3386 acquiescit3
550 3308 673 3367 certum
698 3323 810 3366 earum
826 3300 967 3364 instituit
990 3297 1140 3381 gradum:
1166 3298 1247 3380 frgg.
1275 3300 1352 3361 116

183 3412 235 3474 23.
259 3407 437 3474 Hominum
463 3411 608 3494 gentium
632 3410 827 3494 populorum
852 3406 980 3472 urbium
997 3405 1145 3490 (κτίσεις)
1169 3405 1353 3469 nominibus

182 3515 367 3580 derivandis
384 3522 481 3598 atque
495 3516 695 3599 explicandis
712 3538 842 3598 operam
862 3514 927 3578 dat.
967 3513 1064 3578 Unde
1081 3512 1236 3597 originem
1254 3512 1352 3576 duxe-

181 3623 256 3702 rint,
281 3622 360 3705 quid
384 3623 445 3688 sibi
462 3623 571 3705 velint,
590 3623 804 3688 demonstrat:
834 3622 913 3704 lrgg.
942 3624 980 3685 13
1001 3623 1099 3686 1411
1125 3623 1166 3684 23
1186 3619 1254 3703 (38)
1271 3619 1352 3703 (lo).

182 3727 343 3794 Omnibus
366 3731 463 3794 rebus
480 3730 640 3814 factisque
665 3753 795 3795 oausam
812 3729 957 3812 apponit,
983 3729 1049 3792 sive
1073 3727 1192 3792 fabulae
1216 3726 1353 3791 formam

182 3835 276 3899 alteri
300 3842 479 3922 anteponat
502 3837 569 3901 sive
593 3839 757 3920 propriam
783 3837 885 3919 fingat
909 3857 1058 3900 eausam:
1083 3833 1165 3917 srgg.
1190 3835 1352 3897 222129

183 3945 224 4006 33
248 3941 347 4026 (391).
379 3942 432 4006 De
456 3942 624 4026 scriptoris
648 3943 755 4008 studio
781 3945 898 4026 spretis
922 3941 1080 4007 fabulosis
1105 3940 1213 4004 omnia
1237 3937 1277 4004 ad
1302 3958 1352 4001 ra·

182 4049 281 4114 tionis
303 4070 449 4113 normam
475 4047 636 4134 dirigendi
660 4049 699 4112 cf.
726 4072 756 4132 p.
784 4053 835 4114 12.

271 4202 354 4266 Haec
386 4203 495 4266 omnia
529 4201 672 4266 studium
702 4201 904 4284 patefaciunt
936 4199 1179 4265 conscribendae
1209 4198 1353 4263 historiae

183 4308 264 4372 hene
289 4316 493 4390 comparatae,
526 4309 733 4389 continuatae,
759 4307 934 4390 dispositae,
960 4314 994 4371 ut
1018 4329 1082 4371 uno
1113 4308 1212 4372 verbo
1237 4305 1352 4384 dicam,
