3376 5178
807 370 1018 432 ,76-

323 582 364 624 ne
388 559 493 626 dicam
516 562 669 644 inopiam,
703 569 811 628 tamen
837 583 932 645 spero
964 584 1015 626 me
1040 561 1198 626 nonnulla
1230 564 1415 626 accuratius
1439 560 1494 624 ad-

323 669 475 734 umbrare
498 690 604 752 posse,
636 670 683 735 663
707 675 744 734 ut
767 669 863 753 paulo
896 669 1015 734 clarior
1047 668 1141 734 nobis
1166 668 1294 734 eluceat
1325 669 1493 751 scriptoris

322 775 439 859 imago.
1259 791 1263 797 '

411 883 557 946 Primum
581 881 712 966 quidem
735 904 928 965 quaeramus,
961 904 1038 947 num
1062 889 1183 965 praeter
1205 881 1388 947 Hesiodum
1412 881 1493 946 alios

323 989 471 1054 Acusilai
493 989 600 1054 fontes
632 989 803 1055 enucleare
831 989 939 1054 liceat.
986 989 1094 1054 Multa
1124 995 1213 1054 certe
1236 1010 1302 1053 non
1327 997 1493 1072 exspecta-

322 1097 382 1177 bis,
414 1117 487 1161 oum
510 1102 624 1162 noster
646 1097 764 1160 rationi
788 1097 897 1161 omnia
919 1096 1064 1161 tribuere
1096 1095 1352 1161 studiosissimus
1375 1096 1493 1178 saepius

323 1205 488 1287 propriam
513 1225 603 1268 suam
620 1203 767 1287 proferat
783 1204 989 1280 seutentiam,
1014 1211 1047 1268 et
1071 1203 1159 1268 dicta
1176 1204 1245 1268 eius
1268 1210 1337 1268 tum
1353 1202 1494 1286 plerum·

322 1331 385 1393 que
409 1310 505 1375 nobis
529 1317 658 1376 servata
682 1331 762 1386 esse,
788 1332 860 1374 cum
884 1301 1027 1375 auctoris
1044 1311 1226 1393 opinionem
1251 1332 1271 1374 a
1295 1309 1412 1374 ceteris
1437 1309 1499 1379 ab·r

321 1415 510 1482 horrentem
527 1418 774 1496 continuissent,
800 1415 894 1482 facile
911 1424 1140 1500 cognoscatur,
1164 1416 1249 1481 alter
1263 1416 1335 1480 lons
1359 1417 1388 1480 ei
1413 1422 1492 1496 erat,

321 1531 359 1586 ut
382 1524 555 1588 vernaculo
580 1545 728 1589 sermone
751 1531 837 1604 utar,
869 1523 921 1588 die
945 1523 1218 1591 Lokaltradition.
1266 1522 1301 1589 Si
1325 1545 1397 1606 quae
1420 1544 1493 1606 pro-

321 1629 408 1695 ferre
428 1631 516 1710 velie,
542 1637 638 1696 erunt
654 1631 737 1695 haec:
761 1631 972 1695 Homerum
996 1629 1037 1696 ab
1054 1629 1210 1696 Acusilao
1234 1653 1298 1695 non
1323 1630 1420 1713 plane
1444 1651 1493 1694 re-

324 1738 397 1819 spui
413 1737 560 1803 indicant
575 1737 758 1820 fragmenta
774 1740 793 1802 3
811 1738 841 1819 (6
860 1737 977 1822 0144)
1005 1743 1021 1803 7
1040 1738 1083 1818 (Φ
1101 1741 1162 1802 193
1180 1738 1237 1823 33.)
1265 1741 1302 1803 ll
1323 1736 1355 1822 (d
1370 1740 1434 1801 365
1452 1740 1492 1821 s.)

325 1847 364 1907 12
390 1843 437 1930 (l‘
457 1847 522 1909 296
547 1867 606 1926 ss,
637 1850 756 1927 praeter·
779 1843 961 1908 Homerum
986 1866 1026 1908 ex
1050 1844 1138 1908 fonte
1162 1845 1256 1909 nobis
1279 1845 1390 1931 ignoto
1415 1845 1493 1908 hau-

321 1951 378 2035 sit)
402 1955 445 2016 40
469 1952 500 2037 (P
524 1975 543 2038 ρ
566 1953 656 2035 207).
688 1948 736 2015 At
758 1950 905 2016 videmus
928 1952 1120 2034 scriptorem
1136 1957 1281 2016 nostrum
1298 1951 1491 2032 Hesiodum,

321 2059 341 2123 i.
370 2079 395 2121 e.
422 2059 567 2122 carmina
597 2058 670 2141 ipsa
698 2059 732 2121 in
757 2055 889 2123 Graecia
921 2064 1003 2140 orta,
1028 2057 1201 2140 diligenter
1223 2059 1256 2122 in
1281 2080 1374 2122 usum
1400 2080 1491 2122 suum

323 2166 533 2247 convertisse,
557 2165 738 2229 Homerum
763 2185 850 2245 vero,
874 2165 894 2228 i.
913 2186 940 2229 e.
973 2185 1051 2247 epos
1079 2164 1273 2246 Asiaticum,
1308 2165 1411 2229 minus
1443 2186 1491 2228 re·

321 2273 477 2355 spexisse.
502 2311 545 2317 —
569 2272 645 2354 Frg.
673 2275 712 2337 16
737 2278 770 2336 et
797 2276 835 2336 17
863 2271 1141 2352 ,Phoronidis“
1170 2273 1304 2356 vestigia
1329 2271 1491 2335 exhibent.

323 2417 363 2424 —
388 2377 509 2443 Itidem
534 2401 687 2443 carmen
712 2380 862 2461 epicum
886 2385 1012 2461 spectat
1036 2379 1095 2461 hg.
1122 2377 1233 2461 22.¹⁵⁸)
1257 2417 1299 2424 —
1323 2378 1400 2460 Frg.
1432 2380 1490 2441 27:

322 2485 535 2550 Pindarum
560 2494 690 2552 secutus
715 2507 786 2551 esse
815 2486 952 2550 videtur.
979 2524 1020 2532 —
1037 2486 1115 2570 Frg.
1141 2489 1182 2550 36
1207 2485 1354 2550 condicio
1380 2485 1491 2549 similis

321 2600 381 2660 est.
420 2633 462 2640 —-
503 2593 724 2660 Stesichori
758 2594 1035 2657 narratiunculam
1074 2594 1218 2658 ostendit
1256 2593 1316 2676 frg.
1357 2595 1408 2655 33.
1448 2629 1491 2637 -

322 2701 401 2783 Frg.
429 2703 487 2764 13:
519 2698 674 2764 Alcaeus
705 2700 841 2764 eandem
873 2721 970 2782 quam
1003 2708 1114 2764 noster
1137 2701 1262 2784 praebet
1287 2700 1490 2764 sententiam.

323 2845 365 2853 -
398 2806 471 2890 Quo
502 2807 563 2889 frg.
599 2809 640 2870 39
672 2805 878 2870 referendum
915 2807 957 2870 sit
988 2827 1053 2870 non
1088 2812 1217 2871 constat
1247 2806 1374 2888 (Hom,
1426 2805 1492 2868 lliu

321 2913 431 2995 Pers,
462 2913 571 2997 hymn.
595 2912 740 2995 Hom.?).
768 2951 806 2958 —
831 2911 871 2976 In
897 2913 1046 2977 omnibus
1070 2912 1119 2977 his
1143 2912 1334 2995 fragmentis
1358 2919 1492 2996 propter

320 3020 533 3084 frustulorum
558 3019 768 3103 exiguitatem
785 3019 1055 3102 sterilitatemque
1072 3018 1294 3083 difficillimum
1319 3027 1369 3083 est
1393 3019 1490 3097 dictu,

319 3148 397 3189 num
421 3125 599 3190 Acusilaus
631 3127 862 3209 exscriptore,
894 3128 986 3190 cuius
1010 3149 1081 3191 cum
1108 3126 1265 3191 Acusilao
1297 3132 1490 3191 concentum

320 3233 461 3315 probare
485 3254 666 3315 possumus,
698 3255 812 3298 revera
843 3233 989 3299 hauserit
1021 3255 1062 3297 an
1087 3233 1276 3298 auctoribus
1309 3233 1396 3298 idem
1419 3231 1491 3295 fons

319 3339 465 3424 (vulgata
489 3338 644 3423 fortasse)
668 3340 858 3403 manaverit.
905 3339 1009 3405 Plane
1041 3340 1121 3405 nihil
1146 3342 1226 3405 certi
1250 3342 1314 3405 ianr
1348 3360 1423 3404 vero
1452 3337 1491 3400 de

319 3447 447 3511 ratione
472 3446 534 3509 dici
551 3453 660 3529 potest
683 3467 755 3528 quae
779 3447 821 3510 sit
843 3447 929 3510 inter·
953 3447 1113 3530 aequales:
1160 3448 1385 3537 Aeschylus
1409 3446 1490 3527 frgg.

323 3557 362 3616 ln
381 3555 423 3616 20
440 3556 479 3616 21
507 3552 661 3636 (60663330
686 3553 815 3634 utrique
839 3552 913 3618 fons
937 3554 1048 3637 apicus
1070 3554 1191 3640 subest,
1217 3553 1380 3619 Schwartz
1406 3552 1426 3615 l.
1444 3551 1489 3635 1.).

320 3697 361 3706 -
386 3659 464 3741 Frg.
483 3662 517 3721 4:
543 3657 789 3741 Epimenidis
813 3659 832 3723 i.
852 3680 878 3722 e.
904 3658 1028 3724 falsarii
1053 3665 1181 3742 tempus
1209 3683 1273 3726 non
1297 3660 1393 3743 plane
1417 3678 1492 3720 eon-

319 3773 400 3848 stat,
431 3772 464 3829 et
487 3763 663 3829 Acusilaus
687 3771 720 3828 et
746 3765 996 3850 „Epimenides“
1023 3765 1166 3830 fabulam
1198 3767 1359 3850 vulgatam
1390 3770 1492 3828 rettu-

320 3871 396 3937 lisse
426 3871 585 3936 videntur.
625 3910 668 3917 —
707 3871 895 3936 Praesertim
927 3873 1015 3955 quod
1047 3871 1245 3955 Argivorum
1280 3895 1332 3938 res
1362 3874 1490 3950 attinet,

319 3986 485 4044 arictorem
523 3979 652 4044 fabulas
691 3979 792 4063 Argis
830 3981 926 4045 tritas
965 3981 1134 4064 scripsisse
1174 3981 1241 4045 veri
1278 3988 1327 4044 est
1367 3980 1490 4044 similli-

409 4246 453 4316 1³⁵3)
472 4251 566 4310 Bothe,
586 4251 670 4301 Theb.
686 4251 809 4299 llcldcnl.
832 4266 856 4312 p.
874 4249 934 4301 173.
949 4249 1010 4306 100,
1025 4248 1068 4300 35.
1094 4250 1231 4298 Schwartz
1246 4252 1261 4297 l.
1277 4251 1293 4301 Ι.
1307 4251 1382 4298 araldi!
1398 4252 1446 4313 lig.
1460 4250 1490 4310 4;

318 4341 368 4388 sort
389 4341 424 4388 ule
444 4339 605 4401 Epimenidi}
626 4340 663 4388 nil
682 4340 748 4388 certi
769 4345 885 4392 constat.
