3376 5178
814 426 1033 488 -50..

335 617 515 701 Tlepolemi
539 625 643 684 mater
666 640 732 683 non
757 625 900 686 vocatur.
933 619 1071 683 Homeri
1095 625 1194 701 atque
1211 618 1356 682 Aousilai
1382 626 1512 683 senten·

335 725 399 790 tias
424 731 616 789 connectere
641 725 751 789 studet
775 723 1069 808 Apollodorus¹⁰⁷)

425 829 587 914 Quoniam
611 832 754 896 auctoris
778 831 881 895 nostri
905 851 987 914 opus
1003 831 1200 918 γενεηλογίαι
1221 832 1412 914 inscriptum
1437 832 1509 912 fuit,

335 958 400 1001 non
424 938 465 1002 ad
483 937 618 1002 Troioas
639 959 702 1019 res,
727 937 785 1002 sed
800 937 842 1001 ad
859 936 1176 1022 Heraclida1·um¹⁰⁸)
1193 941 1266 1022 γένη
1282 937 1510 1020 fragmentum,

336 1045 362 1108 si
387 1043 517 1127 quidem
542 1044 691 1108 Acusilai
715 1050 773 1121 est,
799 1043 946 1108 referam

424 1205 523 1288 Frg.
548 1205 605 1270 37
631 1201 701 1289 (27)
726 1237 751 1255 =
774 1203 874 1270 schol.
898 1205 993 1269 Hom.
1018 1204 1036 1267 λ
1061 1207 1126 1269 520
1152 1205 1226 1284 QV:

424 1359 621 1449 Εὐρύπυλον]
646 1354 835 1449 Είρύντολος
858 1355 1067 1449 ὃἈστοόχης
1089 1365 1144 1427 καὶ
1163 1364 1307 1451 Τηλέφου
1329 1374 1384 1429 τοῦ
1408 1358 1510 1451 Ἤρα-

334 1471 443 1547 κλέους
466 1481 545 1546 τταῑς
567 1468 671 1552 λαχὼν
701 1469 757 1558 τὴν
780 1469 934 1556 ντατρρίαν
965 1462 1066 1558 tippula
1090 1479 1146 1558 τῆς
1171 1476 1296 1548 Μυσίας
1319 1473 1507 1558 ντροίστατο.

335 1576 523 1659 ντοίλόμονος
546 1577 578 1641 δὲ
603 1582 752 1663 Πρίαμος
784 1578 860 1664 περὶ
883 1586 940 1666 τῆς
963 1576 1078 1642 τοίτοα
1109 1577 1271 1659 δυνάμεως
1294 1577 1442 1661 ἕντεμψεν
1467 1572 1512 1656 τίς

335 1675 432 1750 αίτὸν
454 1682 507 1748 ἵνα
531 1689 748 1772 παραγένηται
772 1683 947 1767 σύμμαχος,
973 1684 1122 1762 εἰπόντος
1142 1685 1174 1750 δὲ
1191 1677 1289 1750 αὐτοῦ
1307 1680 1351 1763 ὡς
1367 1680 1423 1751 οὐκ
1440 1685 1511 1774 ἐξῆν

307 1782 422 1877 sedorp
446 1790 498 1855 διὰ
522 1790 577 1874 τὴν
599 1796 729 1878 μητέρα,
754 1789 901 1876 ’ἐπεμψεν
925 1784 1103 1878 ὁΙΙρίαμος
1122 1801 1161 1879 τῇ
1176 1795 1273 1880 μητρὶ
1296 1786 1393 1858 αὐτοῦ
1410 1794 1512 1878 δῶρον

334 1889 492 1984 Ἀστυόχῃ
520 1907 637 1985 χρυσῆν
659 1892 813 1980 ἄμπελον·
838 1891 857 1986 ἡ
880 1898 914 1963 δὲ
935 1900 1075 1982 λαβοῦσα
1106 1898 1161 1986 τὴν
1189 1892 1333 1982 ἄμπελον
1356 1899 1411 1966 τὸν
1442 1899 1512 1966 viiiv

335 2002 482 2089 ἔπεμψεν
513 2002 567 2070 ἐντί
599 2010 779 2091 στρατείαν,
812 2003 849 2072 ὃν
871 2005 1100 2088 Νεοπτόλεμος
1124 1999 1140 2070 ὁ
1164 2015 1220 2070 τοῦ
1244 1999 1417 2088 ’Λχιλλέως
1441 2007 1511 2085 oilie

334 2103 467 2197 ιῖναιρεῑ.
493 2105 512 2198 ἡ
535 2112 568 2177 δὲ
593 2111 717 2198 ἱστορία
740 2112 828 2199 παρὰ
853 2105 1105 2199 Ἀκουσιλάῳ.

423 2274 480 2326 bs.
508 2272 601 2343 δῶρον
626 2306 658 2314 -
686 2274 751 2325 olda
775 2276 809 2335 V3
840 2273 924 2343 δῶρα.
953 2278 968 2341 ὴ
998 2273 1028 2324 δὲ
1052 2273 1183 2338 λαβοῦσα
1213 2276 1260 2325 τὸν
1286 2276 1350 2326 σίὸν
1369 2277 1389 2335 Q
1409 2279 1511 2327 mediis

495 2363 617 2415 omissis,

423 2451 448 2503 8.
475 2453 492 2518 ἡ
513 2449 543 2501 δὲ
562 2453 672 2521 ἱστορία
692 2471 720 2503 τι.
742 2449 803 2502 'Aa
825 2467 878 2501 om.
900 2452 929 2511 Q.

422 2592 571 2677 Soholiis,
597 2595 716 2678 quibus
740 2594 960 2677 subscriptum
984 2602 1033 2658 est
1050 2586 1069 2680 ἡ
1085 2592 1212 2679 ἱστορία
1236 2594 1324 2679 παρὰ
1350 2603 1396 2680 τῷ
1420 2595 1509 2675 δεῖνι,

337 2699 459 2786 ἱστορεῖ
480 2693 497 2764 ὁ
518 2700 604 2766 δεῖνα
626 2702 753 2782 similia,
777 2700 873 2765 fidem
892 2700 1118 2785 denegandam
1141 2723 1212 2766 esse
1233 2703 1352 2785 optime
1377 2702 1508 2767 demon-

335 2810 450 2873 stravit
472 2809 535 2872 Ed.
558 2807 793 2893 Schwartz.¹⁰⁹)
845 2806 972 2891 Saepius
1001 2829 1042 2872 ne
1071 2809 1205 2872 verbnm
1236 2809 1366 2891 quidem
1397 2809 1511 2874 soholii

333 2915 375 2979 ad
389 2921 556 2980 auctorem
569 2915 788 2998 subscriptum
800 2914 917 2979 referri
928 2920 1046 2997 potest.
1087 2913 1198 2998 Quare
1211 2915 1394 3000 fragmenta
1407 2919 1447 2981 37
1468 2920 1508 2980 38

334 3025 375 3088 39
387 3025 427 3086 40
437 3021 544 3086 dubiis
557 3023 726 3104 adscripsi.
744 3021 975 3100 Nihilominus,
989 3043 1065 3085 num
1076 3021 1214 3087 fortasse
1225 3022 1302 3105 quid
1317 3023 1409 3086 exiis
1421 3021 1511 3087 Aou-

334 3129 415 3194 silao
440 3129 556 3193 elicere
580 3131 752 3213 possimus,
777 3128 984 3212 exploremus
1009 3136 1041 3194 et
1064 3131 1204 3213 primum
1228 3129 1358 3212 quidem
1384 3151 1508 3212 quaera-

332 3258 414 3316 mus,
439 3257 588 3318 quaenam
611 3237 695 3301 ratio
719 3238 753 3299 in
777 3234 937 3300 eiusmodi
958 3236 1089 3301 scholiis
1107 3235 1317 3318 disponendis
1341 3242 1439 3318 atque
1464 3237 1512 3299 in-

333 3343 500 3425 quirendis
524 3342 618 3407 nobis
642 3341 829 3407 adhibenda
853 3343 905 3409 sit.
952 3341 993 3406 In
1016 3343 1202 3407 universum
1226 3342 1300 3407 illas
1325 3341 1510 3408 fabularum

332 3456 443 3532 partes
468 3471 540 3532 quae
564 3471 617 3514 res
642 3448 885 3532 amplectuntur
909 3448 950 3512 ab
966 3449 1201 3531 antiquissimis
1217 3449 1420 3531 temporibus
1444 3470 1512 3513 om-

422 3645 466 3711 107)
487 3645 593 3699 11166:
613 3647 790 3711 Astyocham‚
812 3646 955 3710 Phyluntis
975 3647 1069 3706 filiam,
1091 3661 1125 3695 ex
1145 3647 1262 3696 Hercule
1281 3647 1433 3709 Tlepolemi
1453 3661 1510 3696 ma-

333 3742 403 3788 trem
424 3738 512 3787 luisse
532 3743 633 3797 narrat,
653 3736 851 3800 Astydameian
872 3749 945 3796 vero,
975 3735 1131 3799 Amyntoris
1150 3736 1246 3796 filiam,
1273 3751 1308 3785 ex
1328 3737 1426 3785 eodem
1447 3719 1512 3785 ller-

333 3829 395 3877 eule
415 3827 538 3889 Ctesippi
557 3822 602 3893 (cl.
621 3825 698 3877 Diod.
719 3825 752 3874 lv
770 3822 824 3891 37).

423 3913 468 3983 108)
488 3916 525 3965 Cl.
563 3915 689 3977 Apollod.
725 3912 834 3976 11149;
873 3915 951 3963 Diod.
984 3911 1120 3974 1v36,1
1150 3913 1312 3978 (Compend.
1351 3914 1508 3978 mythol.!r;

332 4007 456 4069 Apollod.
484 4019 528 4067 ep.
547 4003 573 4065 3,
601 4003 649 4067 13;
677 4005 743 4068 Hyg.
764 4018 789 4066 p.
810 4001 853 4064 15,
874 4001 922 4056 10:
950 4000 994 4062 90,
1024 4003 1055 4056 21
1079 4002 1183 4065 Schm.;
1210 4004 1296 4052 schol.
1317 4003 1394 4053 Pind.
1415 4002 1444 4054 O.
1465 4003 1510 4052 l'll

332 4093 378 4146 36.
399 4092 444 4146 40.

422 4180 469 4250 ¹⁰⁹)
495 4184 534 4233 De
562 4183 677 4232 scholiis
707 4183 861 4232 Homericis
890 4183 925 4231 ad
952 4182 1097 4231 historiam
1128 4182 1282 4231 lahularem
1306 4181 1510 4244 pertinentibus

332 4257 476 4328 (Fleckeis.
503 4274 541 4324 lh.
566 4273 660 4336 Suppl.
687 4271 756 4326 1881
782 4287 808 4335 p.
827 4269 881 4323 405
900 4285 939 4321 ss.
977 4272 1016 4320 Ad
1036 4276 1164 4320 nostrum
1191 4271 1240 4334 lrg.
1261 4271 1400 4333 praecipue
1429 4272 1462 4320 el.
1484 4285 1510 4333 p.

330 4361 402 4426 421).
440 4363 507 4412 Vide
526 4363 610 4412 etiam
630 4363 800 4411 llindorfium
821 4363 849 4410 in
869 4361 989 4410 editione
1009 4361 1106 4411 scholl.
1127 4361 1153 4408 in
1175 4360 1250 4413 Iliad.
1273 4361 1328 4422 lp.
1348 4360 1406 4408 xlv
1427 4375 1449 4409 s.
