3376 5178
803 426 1024 487 -80-

417 620 590 685 Librorum
614 621 713 701 igitur
744 619 913 702 dispositio
945 619 1044 684 fuisse
1077 619 1204 684 videtur
1235 620 1319 684 haec:
1367 619 1502 684 Cosmu-

327 728 455 811 goniam
480 727 609 792 initium
641 726 755 791 fecisse
779 747 838 808 per
862 748 896 790 se
921 733 991 790 erat
1016 726 1279 809 exspectandum,
1312 727 1397 791 ultro
1424 749 1501 790 vcro

327 834 484 916 probatur
500 833 689 917 fragmentis
716 839 728 896 1
757 840 790 897 et
815 836 831 896 7
858 821 994 916 quorum
1019 832 1157 897 alterum
1181 835 1371 898 nominatim
1394 835 1501 917 primo

327 941 512 1022 assignatur
545 940 639 1004 libr0.
687 937 838 1004 Secundo
868 939 952 1002 libro
983 939 1166 1024 fragmenta
1197 941 1359 1022 expressis
1391 939 1499 1002 verbis

326 1069 391 1111 non
416 1048 647 1112 attribuuntur.
688 1045 837 1110 Tertium
854 1052 1001 1128 spectare
1019 1045 1108 1109 vides
1125 1045 1206 1132 frgg.
1228 1049 1267 1109 12
1287 1048 1325 1110 13
1348 1050 1394 1121 ll,
1421 1068 1500 1129 quo·
1575 1120 1582 1130 ε

326 1140 397 1217 rum
421 1154 559 1236 primum
583 1153 626 1218 ad
648 1151 847 1234 Argivorum
878 1174 929 1215 res
961 1153 1125 1234 pertinere
1150 1152 1287 1227 videtur,
1320 1151 1497 1216 secmrdruu

326 1267 358 1324 et
381 1259 579 1339 tertiorum)
605 1268 697 1324 extra
721 1259 983 1341 Peloponnesum
1007 1281 1065 1323 uos
1091 1259 1222 1327 ducunt.
1259 1256 1426 1342 Quasnam
1452 1259 1500 1322 ta·

326 1365 419 1430 bulas
443 1366 605 1430 secundus
629 1366 713 1430 liber
736 1364 924 1446 complexus
948 1366 991 1429 sit
1016 1387 1065 1428 me
1090 1365 1316 1447 interrogabis.
1354 1365 1498 1428 Acusilai

326 1493 365 1535 ex
381 1480 488 1536 mente
513 1473 657 1555 primus
681 1471 902 1537 mortalium
923 1473 1091 1554 Argivus
1116 1472 1201 1536 fuit.
1233 1471 1304 1535 Iam
1323 1493 1398 1536 vero
1415 1471 1498 1534 iudi·

325 1580 474 1660 caverim,
499 1581 562 1643 iter
586 1579 686 1644 fuisse
701 1585 836 1660 naturae,
861 1586 897 1642 ut
921 1579 1128 1661 cosmogonia
1151 1578 1213 1643 diis
1235 1578 1389 1643 heroibus
1412 1587 1499 1642 trac-

324 1687 401 1750 tatis
425 1693 523 1769 atque
547 1685 705 1750 absolutis
730 1692 843 1750 auctor
868 1684 910 1749 ad
933 1685 1119 1749 mortalium
1143 1686 1268 1750 veniret
1290 1684 1419 1750 fabulas
1444 1706 1498 1750 eo·

323 1814 460 1875 rumque
489 1793 645 1875 originem
669 1799 827 1858 narraret.
877 1791 993 1874 Neque
1025 1813 1045 1856 a
1076 1792 1143 1856 veri
1174 1791 1282 1874 specie
1311 1791 1409 1874 plane
1440 1791 1497 1856 ab·

323 1899 445 1981 horret,
469 1899 661 1964 Acusilaum
685 1921 749 1964 non
774 1897 871 1962 modo
895 1899 929 1962 in
953 1898 1072 1963 fabulis
1089 1898 1290 1978 enarrandis,
1316 1898 1373 1963 sed
1397 1900 1497 1963 etiam

322 2007 356 2070 in
380 2005 451 2071 loco
476 2005 648 2070 tribuendo
673 2005 814 2089 Argivos
848 2006 965 2070 ceteris
998 2006 1233 2088 anteposuisse.
1279 2006 1398 2088 Itaque
1423 2027 1496 2069 cum

323 2114 530 2196 cosmogonia
554 2121 587 2177 et
609 2112 784 2196 theogonia
804 2111 888 2176 libro
912 2114 1016 2196 primo
1032 2112 1192 2195 explendo
1210 2111 1406 2192 suffecerint,
1430 2135 1496 2177 non

323 2219 430 2284 facere
454 2240 586 2302 possum
610 2219 687 2302 quin
709 2219 876 2300 coniciam,
901 2225 1048 2284 nostrum
1072 2220 1105 2282 in
1131 2218 1272 2284 secundo
1296 2218 1379 2283 libro
1404 2219 1494 2304 (num

323 2326 421 2390 etiam
443 2326 476 2389 in
500 2331 594 2409 parte
611 2325 699 2389 tertii
724 2324 795 2408 [frg.
815 2325 868 2410 12]
893 2325 1052 2389 incertum
1069 2323 1133 2410 est)
1158 2324 1357 2408 Argivorum
1381 2346 1495 2408 regum

322 2439 494 2497 stemmata
516 2431 709 2514 fabulasque
734 2432 776 2497 ad
798 2432 990 2514 Argolidem
1018 2434 1221 2515 pertinentes
1245 2431 1413 2513 collegisse
1438 2431 1492 2516 (el.

321 2538 380 2621 frg.
409 2542 448 2604 16
474 2538 541 2623 ss).

409 2646 496 2711 Num
520 2652 589 2710 tres
605 2651 730 2710 tantum
756 2646 806 2710 vel
829 2648 939 2729 plures
963 2645 1064 2710 libros
1080 2654 1192 2710 noster
1208 2647 1435 2729 composuerit,
1460 2647 1494 2709 in

320 2753 426 2816 medio
451 2751 700 2835 relinquendum
725 2759 782 2819 est.

408 2859 536 2941 Restat,
561 2864 597 2922 ut
621 2858 661 2922 de
686 2865 889 2941 tempore,
915 2880 978 2942 quo
1002 2859 1179 2924 Acusilaus
1203 2858 1360 2942 floruerit,
1385 2881 1493 2943 pauca

320 2966 527 3032 disseramus.
574 2965 651 3030 Non
675 2966 818 3030 omnium
841 2965 1006 3030 hominum
1036 2965 1207 3031 doctorum
1231 2965 1271 3030 de
1295 2967 1356 3031 hac
1380 2988 1415 3031 re
1440 2988 1491 3032 ea-

320 3073 393 3138 dem
417 3079 467 3137 est
490 3070 723 3157 sententia¹⁶²l
769 3072 857 3136 Illud
888 3094 964 3136 vero
988 3094 1053 3136 uno
1078 3095 1134 3138 ore
1158 3094 1271 3137 omnes
1295 3074 1494 3138 confitentur

319 3180 555 3263 antiquioribus
582 3179 827 3262 „logographis“
856 3202 929 3243 eum
952 3201 1024 3244 esse
1049 3178 1337 3245 adnumerandum.

408 3324 454 3384 ¹⁶1)
474 3326 533 3374 Nisi
561 3326 628 3373 sorte
654 3324 738 3372 ctiam
764 3325 798 3372 ad
826 3325 985 3373 ,teusilaum
1013 3330 1139 3386 spectare
1165 3325 1243 3373 ‹licas
1268 3325 1356 3374 Vitam
1381 3326 1491 3374 Homeri

320 3413 420 3479 (Biogr.
449 3415 491 3463 Gr.
518 3415 560 3463 ed.
580 3414 666 3462 West.
695 3428 720 3474 p.
741 3411 785 3474 29)
892 3414 966 3477 τινὲς
986 3411 1016 3463 δὲ
1035 3413 1083 3463 καὶ
1104 3410 1289 3481 Σαλαμίνιον
1308 3413 1395 3464 αὐτὸν
1413 3414 1492 3464 εἶναί

318 3519 414 3572 φασιν,
435 3499 544 3553 ἄλλοι
565 3499 766 3570 ὄ”Αργεῐον,
786 3498 877 3552 ἄλλοι
898 3499 1082 3570 ὄἈίγύπτιον
1100 3501 1157 3552 ἀπὸ
1180 3499 1289 3568 Θηβῶν.

408 3589 450 3655 162)
471 3592 551 3650 Vuae,
572 3591 610 3639 De
624 3591 720 3639 histor.
735 3591 820 3639 Graec.
835 3591 846 3638 Ι
860 3591 874 3641 1
889 3606 913 3653 p.
929 3590 963 3641 12
977 3591 1062 3642 West.
1081 3592 1119 3639 ita
1131 3591 1275 3639 iudicavit:
1298 3592 1347 3655 „nt
1366 3593 1491 3642 dubium.
1507 3653 1509 3658 Ι

319 3687 410 3730 utrum
431 3681 490 3744 Cyri
511 3686 538 3728 et
557 3679 702 3742 Cambysis
726 3694 760 3728 an
785 3679 878 3741 potius
898 3680 971 3728 Darii
999 3681 1171 3742 temporibus
1198 3681 1321 3728 floruerit
1340 3681 1489 3730 Acusilaus

318 3771 442 3832 Argivus.
468 3769 571 3818 Saltem
591 3769 684 3830 paullo
703 3769 854 3817 antecessit
867 3769 1072 3830 expeditionem
1086 3768 1252 3818 Per·sicam“.
1279 3770 1385 3830 Frater,
1406 3771 1489 3830 Paua

319 3862 369 3908 rol.
398 3860 433 3907 ill
459 3857 492 3910 97
522 3863 664 3906 auctorem
693 3858 781 3920 primo
807 3858 894 3920 quinti
924 3858 1021 3907 saeculi
1050 3859 1164 3907 dimidio
1189 3859 1319 3908 floruisse
1339 3860 1490 3908 contendit.

318 3950 455 3997 Schwartz
469 3963 512 4011 ap.
528 3947 709 4010 l'auly-Wiss.
726 3962 747 3996 s.
763 3963 786 3997 v.
807 3947 957 3996 nkusilaus
977 3947 1043 3996 dicit
1062 3948 1192 3996 universe
1213 3962 1281 4012 „aus
1301 3949 1365 3997 dem
1378 3947 1403 3999 5.
1416 3949 1492 3997 ¹talu·-

318 4037 463 4088 lruudert“.
502 4037 600 4094 Cluist,
622 4037 664 4088 Gr.
686 4034 776 4100 Littg.3
800 4051 824 4099 p.
845 4034 898 4086 102
917 4043 980 4098 post
999 4037 1175 4085 Pisistratum
1201 4037 1364 4099 scriptorem
1385 4036 1490 4084 vixisse

320 4133 404 4188 putat.
445 4127 480 4175 llx
501 4127 528 4176 u.
548 4126 576 4175 t).
598 4126 720 4175 lluelleri
742 4121 915 4190 (matinga
934 4141 959 4188 p.
971 4125 1046 4189 436.)
1066 4131 1158 4175 metue
1182 4126 1330 4176 ncusilaus
1355 4127 1489 4176 Cadmum

320 4216 456 4264 Milesium
483 4217 653 4264 subsecutus
680 4221 730 4268 est.
769 4215 829 4264 Nou
854 4220 911 4263 tam
939 4220 1014 4264 certo
1040 4229 1125 4276 (luam
1152 4216 1284 4264 audacter
1303 4216 1418 4274 Nicolai,
1446 4216 1489 4261 ur.

317 4307 398 4368 Littg.
419 4321 443 4367 p.
463 4304 523 4364 121,
549 4319 613 4353 cum
633 4305 809 4367 logogruplus
830 4305 950 4366 spatium
975 4305 1039 4353 inde
1059 4305 1094 4352 ab
1123 4319 1196 4353 anuo
1220 4303 1273 4356 540
1298 4321 1387 4368 usque
1407 4306 1441 4353 art
1463 4321 1487 4354 a.

316 4393 368 4445 1110
388 4395 527 4453 a‘trilrrut,
549 4399 675 4441 nostrum
695 4407 768 4441 utino
788 4391 840 4442 510
861 4394 989 4442 tloruisse
1010 4393 1112 4441 statuit.
