3376 5178
655 419 878 480 *59-

177 608 282 672 solum
307 607 389 672 illud
414 601 457 684 ὥς
481 629 580 695 φησιν
599 600 659 674 ire.
685 617 848 676 servatum
870 611 911 676 sit
934 610 988 690 (cf.
1005 608 1116 681 adnot.
1137 614 1200 677 130
1217 620 1249 676 et
1266 611 1353 677 Aou-

177 713 252 780 silai
275 714 335 797 srg.
357 716 413 798 40)
438 716 488 780 vel
505 715 652 780 Acusilai
677 737 795 781 nomen
819 739 893 782 cum
908 717 1083 783 Hellanico
1108 717 1278 783 confusum
1303 727 1352 784 ost

176 842 274 904 quem
297 822 439 887 rhetoris
468 830 605 887 stemma
627 823 806 904 praebuisse
838 823 1034 907 constat.¹³⁰)
1081 822 1193 908 Quare
1217 847 1351 891 necesse

176 948 242 992 non
267 935 326 1014 est,
351 929 498 994 scholion
523 930 677 994 edilium
702 930 883 997 referamus
900 930 1102 1016 Acusilaum‚
1127 931 1167 996 de
1193 953 1258 1014 quo
1280 931 1351 998 Sui-

176 1035 237 1100 das
261 1035 331 1099 brec
355 1037 518 1101 momoriae
543 1037 694 1102 tradidit:

269 1157 489 1235 Ἀκουσίλαος.
521 1159 708 1248 Ἀθηναῖος
732 1161 785 1233 ὤν.
816 1160 1068 1246 Ἀγαθοκλείας.
1098 1152 1193 1240 οὗτος
1222 1159 1354 1253 ἠράσθη

174 1265 284 1352 λόγων
305 1267 340 1336 ἐν
362 1265 535 1355 Ἀθήναις,
565 1272 619 1336 καὶ
642 1267 752 1340 ἐλθών
779 1271 828 1343 sis
849 1269 972 1356 Ῥώμην
995 1270 1053 1337 ἐπὶ
1079 1269 1196 1354 Γάλβα
1220 1270 1353 1359 διάτρι-

178 1386 242 1458 dev
265 1372 298 1440 ἐν
321 1373 433 1459 λόγοις
457 1377 652 1464 ῥητορικοῖς.
683 1379 736 1443 καὶ
761 1376 1044 1464 χρηματισάμενος
1073 1377 1107 1443 ἐν
1129 1377 1176 1464 ’τῷ
1203 1377 1354 1444 τελευτάν

176 1485 352 1548 κατέλιπεν
375 1480 576 1568 Ἀθηναίοις
600 1483 676 1551 δέκα
699 1483 865 1571 μυριάδας
889 1484 923 1550 ἐκ
947 1483 1060 1549 rrimus.

651 2015 805 2080 CAPUT
829 2017 876 2079 Π.

460 2220 531 2301 De
559 2219 936 2319 fragmentorum
965 2219 1072 2304 fide.

269 2451 460 2516 Aousilsum
487 2451 735 2534 „ontiquorum“
758 2452 868 2536 fuisse,
893 2452 961 2516 fere
978 2473 1090 2516 omnes
1107 2452 1173 2516 sire
1192 2453 1353 2534 expressis

177 2562 246 2624 sive
270 2558 417 2624 obscuris
442 2559 547 2623 verbis
571 2565 734 2623 testantur
752 2565 886 2637 veteres,
912 2558 1121 2641 quiquidem
1146 2558 1186 2622 de
1211 2559 1354 2623 auctoris

178 2675 325 2750 tempore
350 2666 449 2730 verba
473 2665 606 2732 faciunt.

267 2792 344 2855 Huc
368 2791 530 2855 referendi
556 2793 688 2856 suntin
712 2792 823 2874 primis
840 2790 887 2854 illi
904 2792 1099 2873 scriptorum
1123 2790 1196 2870 loci,
1221 2791 1276 2872 qui
1300 2811 1352 2854 uc-

179 2899 324 2963 curatius
349 2899 418 2962 eius
442 2904 570 2962 aetatem
589 2905 742 2978 tractant,
760 2897 800 2962 cf.
818 2919 888 2980 cap.
906 2897 966 2963 IV.
1000 2898 1169 2962 Praeterea
1192 2897 1262 2960 haec
1286 2919 1351 2961 mo·

181 3005 290 3070 nenda
322 3012 411 3070 sunt:
449 3004 580 3088 Septem
605 3005 840 3069 adnumeratur
871 3004 1073 3086 sapientibus
1105 3004 1149 3088 (v.
1175 3023 1245 3085 cap.
1270 3002 1352 3087 1V);

180 3103 400 3197 (Ἀκουσιλάῳ
424 3119 470 3197 τῷ
493 3102 615 3195 α’ρχαίῳ
637 3109 878 3198 ἱαταριαγράφῳ
894 3111 955 3196 frg.
974 3115 1044 3194 36);
1069 3108 1230 3197 ἱστορικὸς
1253 3130 1354 3195 πρεσ-

180 3216 325 3300 βύτατος,
356 3217 447 3284 Suid.
473 3241 497 3282 s.
523 3241 551 3282 v.
576 3209 800 3301 Ἀκανσίλααςς
833 3239 918 3301 saepe
943 3237 1014 3281 cum
1039 3217 1111 3281 aliis
1136 3217 1354 3300 antiquiorum

180 3332 364 3408 temporum
389 3327 577 3389 auctoribus
602 3326 820 3407 componitur:
853 3330 889 3388 ut
913 3324 952 3388 dc
977 3324 1123 3388 Hesiodo
1156 3332 1279 3388 taceam
1311 3328 1353 3404 (v.

180 3431 348 3515 caplll),
376 3432 509 3497 efferum
533 3433 615 3516 frgg.
643 3432 675 3496 l2
700 3436 719 3496 3
744 3437 763 3496 4
789 3436 808 3495 5
833 3435 851 3495 9
880 3436 919 3495 12
952 3437 990 3495 13
1018 3436 1056 3494 14
1084 3435 1123 3496 15
1149 3431 1220 3515 (18)
1249 3435 1287 3495 19
1313 3433 1354 3493 28

180 3539 252 3623 (31)
279 3542 321 3602 34
345 3543 387 3603 35
412 3539 499 3622 (36);
522 3537 562 3603 α1.
588 3547 748 3622 praeterec
773 3537 874 3606 Clem,
900 3538 954 3604 ΑΙ.
980 3537 1099 3602 Strom.
1124 3539 1175 3604 VI
1196 3560 1227 3620 p.
1247 3537 1354 3602 7ch

181 3649 245 3710 278
271 3645 305 3728 S,
336 3646 468 3729 loseph.
501 3668 527 3710 c.
560 3645 624 3729 Ap.
656 3647 674 3709 1
700 3650 734 3728 33
765 3645 920 3710 Menand.
955 3645 1031 3729 περὶ
1056 3642 1207 3711 irridetur.
1239 3645 1353 3709 Rhett.

182 3750 242 3816 Gr.
268 3751 324 3815 IX
349 3775 379 3835 p.
401 3756 462 3817 144
482 3753 579 3817 Walz
596 3776 622 3816 c.
641 3751 705 3834 VI;
730 3750 798 3817 Cic.
817 3753 857 3816 de
874 3759 957 3818 orat.
974 3752 1013 3815 ΙΙ
1033 3755 1088 3834 12;
1113 3751 1191 3816 satis
1216 3751 1355 3816 habeam

181 3860 355 3937 monuisse,
385 3859 557 3923 Platonem
589 3859 662 3944 (frg.
692 3858 721 3923 1¹
751 3860 805 3943 16)
837 3866 869 3922 et
901 3858 1084 3922 Eudemum
1109 3857 1354 3922 Aristotelicum

181 3965 257 4050 (frg.
286 3967 331 4048 1³)
357 3989 396 4031 ex
419 3966 569 4032 Acusilai
593 3988 693 4050 opere
717 3966 875 4032 hausisse.

185 4113 397 4120 -----—---—

272 4181 315 4244 ¹³⁰)
337 4184 405 4232 lloll.
420 4185 468 4246 irg.
483 4183 529 4234 18:
551 4185 665 4233 Suidus:
687 4181 862 4248 Ἀνδοκίδης,
874 4182 1037 4248 Ἀθηναῖος,
1058 4183 1150 4249 ῥήτωρ
1165 4185 1220 4231 τῶν
1233 4199 1357 4248 πρωτευ-

178 4271 271 4320 όντων
289 4270 357 4321 ὀέκα
370 4271 419 4336 εἷς,
440 4272 502 4336 υἱὸς
515 4270 676 4340 Λεωγόρον,
696 4272 838 4339 ἀπόγονος
854 4269 1037 4338 Τηλεμάχου,
1057 4275 1105 4320 τοῦ
1120 4267 1287 4334 imponerer,
1308 4271 1356 4321 καὶ

183 4357 360 4424 Ναασικάας,
381 4361 419 4424 ὥς
437 4378 527 4429 φησιν
543 4354 732 4424 Ἑλλάνικος.
754 4367 805 4409 etr.

16 4437 17 4470 r

16 4489 18 4541 1
