3376 5178
684 403 902 466 ..73-

297 593 445 659 Alterius
469 595 581 659 classis
598 596 689 678 quasi
708 595 954 660 fundamentum
971 595 1156 678 ponendum
1181 603 1231 660 est
1253 595 1380 679 frg.1c.

209 697 328 783 Capite
344 701 449 784 prime
474 698 519 790 (p.
536 703 578 765 28
596 703 652 784 00.)
669 703 748 766 satis
765 702 1005 767 demonstrasse
1022 703 1101 767 mihi
1117 704 1240 784 videor,
1265 709 1379 786 quant-

209 829 308 890 opere
333 807 395 872 hec
411 807 629 892 fragmentum
652 809 759 893 ipsum
774 808 935 892 Argivum
953 809 1122 894 significet,
1146 831 1218 874 cum
1242 809 1380 893 primum

212 911 407 997 Argivorum
431 936 541 998 regern
564 916 703 999 primurn
727 915 827 980 fuisse
848 916 1013 981 hominum
1037 929 1158 982 narret.
1196 915 1381 999 Scriptoris‚
1421 962 1427 993 ·.

210 1021 267 1102 qui
283 1023 391 1086 omnia
407 1022 567 1087 tribueret
583 1023 711 1101 rationi,
730 1030 809 1105 erat,
827 1045 892 1088 non
908 1023 1065 1088 Inachum
1083 1023 1227 1087 flumen
1243 1023 1382 1104 primum

212 1126 408 1210 Argivorum
431 1151 539 1212 regem
565 1136 608 1210 et,
640 1129 728 1212 qued
751 1129 837 1194 idem
870 1136 928 1212 est,
960 1131 1089 1213 generis
1120 1137 1287 1194 auctorem
1310 1128 1383 1192 red·

211 1233 299 1304 dere.
324 1274 365 1280 —
390 1236 468 1318 Frg.
505 1240 557 1301 17:
590 1237 746 1321 Pelasgos
778 1258 850 1301 cum
881 1237 1015 1321 Argivis
1047 1244 1241 1302 connectere
1272 1236 1384 1301 studet

211 1362 317 1424 neque
348 1344 506 1410 rationem
538 1343 698 1409 infitiatur
721 1345 748 1409 si
771 1344 920 1427 Pelasgis
952 1366 1144 1429 eponymum
1175 1343 1308 1408 addicit.
1340 1381 1383 1390 —-

213 1447 289 1531 Frg.
327 1453 382 1514 19:
422 1449 581 1516 Fabulam
617 1450 753 1534 legimus
791 1452 922 1534 proprie
957 1450 1156 1533 Argolicam.
1204 1451 1383 1535 Vulgarem

211 1555 389 1638 praebuisse
414 1557 542 1622 videtur
564 1558 683 1622 fabulae
705 1558 851 1635 formam,
876 1579 948 1641 quae
974 1580 1012 1623 00
1036 1559 1138 1640 magis
1162 1564 1309 1623 nostrum
1333 1578 1384 1620 ar-

213 1662 330 1741 riserit,
361 1665 448 1747 qued
472 1664 654 1747 Pancptem
679 1672 814 1748 prepter
843 1665 980 1750 figuram
1005 1687 1044 1729 ex
1067 1671 1157 1729 terra
1180 1672 1285 1728 ortum
1312 1684 1383 1727 esse

212 1770 280 1832 reri
305 1777 374 1834 erat
399 1771 511 1836 simile.
536 1811 578 1820 —
602 1772 680 1854 Frg.
699 1775 755 1836 22:
781 1770 957 1838 Acusilaus
981 1771 1124 1836 fabulam
1150 1769 1249 1854 Argis
1273 1771 1383 1834 tritam

213 1874 311 1956 (Iuno
335 1878 453 1942 bacin
478 1878 558 1942 urbe
589 1880 727 1942 maxime
752 1878 933 1961 colebatur)
961 1879 1116 1942 narrauit.
1147 1915 1190 1922 —
1220 1876 1299 1958 Frg.
1325 1877 1383 1939 23:

215 1983 285 2068 Vir,
301 2005 367 2048 non
389 1984 509 2049 femina
532 1985 622 2050 urbis
647 2007 825 2070 epenymus
849 1992 908 2050 est.
952 1982 1047 2068 Quod
1073 1991 1181 2049 autem
1203 1983 1382 2066 Myceneus

213 2113 285 2156 cum
309 2091 505 2176 Argivorum
530 2094 658 2176 generis
682 2099 816 2157 auctore
841 2093 1045 2157 connectitur
1062 2091 1115 2177 (cf.
1134 2090 1195 2173 frg
1216 2094 1277 2173 17),
1301 2111 1384 2174 prra-

213 2198 391 2264 clarissime
415 2199 567 2281 illustrat,
593 2207 740 2264 nostmm
772 2200 919 2282 inprimis
952 2199 1068 2263 civium
1100 2220 1232 2262 suorum
1264 2218 1384 2280 augere

215 2305 376 2371 studuisse
401 2307 546 2391 gloriam.
576 2306 673 2390 Quod
697 2307 815 2370 deinde
840 2329 879 2370 ex
905 2304 1133 2390 „Phoronide“
1157 2303 1275 2384 bausit,
1298 2304 1385 2368 idem

213 2413 404 2497 comprobat
427 2422 525 2498 atque
551 2414 727 2479 confirmat.

303 2520 429 2586 Ansam
453 2523 531 2586 dare
555 2527 709 2586 recusant
731 2522 790 2602 frg.
816 2525 835 2584 4
860 2518 1054 2606 (Vulgataf)
1081 2526 1114 2584 et
1138 2524 1190 2584 20.

301 2629 411 2693 Huius
427 2630 526 2711 igitur
542 2629 655 2693 classis
672 2627 863 2710 fragmenta,
889 2627 1034 2710 quamvis
1050 2647 1116 2690 non
1133 2627 1197 2691 sint
1213 2626 1384 2708 permulta,

214 2742 323 2800 tamen
346 2736 496 2800 Acusilai
528 2736 697 2800 consilium
720 2741 819 2817 atque
851 2735 1010 2799 rationem
1034 2735 1114 2798 satis
1139 2733 1307 2798 evidenter
1332 2731 1386 2796 de·

214 2849 339 2928 tegunt.

304 2950 386 3034 Quae
396 2951 524 3015 cumita
537 2950 668 3032 sintpro
682 2956 771 3013 certo
784 2948 984 3027 habebimus,
997 2946 1191 3011 Acusilaum
1202 2945 1386 3010 Hesiodum

215 3058 261 3142 (in
286 3059 326 3122 iis
349 3058 447 3121 rebus
479 3056 624 3121 certain
649 3055 766 3139 quibus
797 3054 988 3119 enarrandis
1011 3053 1159 3117 Hesiodo
1185 3053 1314 3116 omnine
1340 3052 1387 3115 uti

216 3166 245 3230 ei
268 3163 373 3248 licuit)
396 3164 430 3227 in
454 3164 639 3228 universum
661 3168 807 3226 secutum
831 3182 912 3226 esse.
959 3160 1045 3225 Nam
1069 3198 1112 3205 -
1136 3167 1173 3224 ut
1195 3158 1387 3243 praetermit-

215 3281 282 3337 tam
306 3271 393 3354 qued
416 3293 552 3355 magnus
583 3270 836 3353 fragmentorum
869 3289 1023 3332 numerus
1054 3274 1224 3332 auctorum
1253 3287 1387 3330 censen-

217 3403 285 3445 sum
312 3380 431 3444 diserte
462 3384 603 3442 testatur
634 3398 739 3460 neque
769 3377 875 3440 nrinor
905 3395 1015 3439 ansam
1048 3374 1143 3439 nobis
1167 3374 1224 3438 dat
1247 3373 1288 3436 ad
1311 3394 1386 3437 cen-

216 3492 346 3550 centum
381 3485 559 3549 eruendum
596 3521 635 3530 —
668 3482 764 3546 huius
796 3481 1047 3546 necessitudinis
1082 3480 1129 3544 illi
1164 3500 1292 3562 quoque
1324 3478 1387 3542 loci

216 3600 427 3682 testaceum,
460 3593 513 3674 qui
538 3589 774 3672 discrepantias
799 3588 955 3672 (dilucide
981 3587 1069 3672 licet)
1094 3587 1249 3667 indicant,
1268 3586 1386 3668 quippe

217 3723 288 3764 oum
315 3699 549 3764 sententiarum
575 3697 716 3762 varietas
747 3696 797 3760 vel
829 3696 1000 3760 diversitas
1029 3701 1097 3758 tum
1129 3693 1231 3756 solum
1264 3692 1388 3774 aliquid

216 3806 363 3890 praebere
386 3813 498 3889 posset
529 3803 727 3885 offensionis,
752 3824 824 3867 curn
849 3802 1037 3884 ceteroquin
1061 3806 1239 3864 concentus
1270 3799 1385 3881 depre-

217 3913 426 3978 henderetur.
475 3910 510 3976 Si
535 3933 610 3976 vero
636 3912 708 3994 quis
733 3909 766 3974 id
790 3930 937 3992 premere
962 3908 1038 3971 velit
1069 3907 1155 3990 quod
1187 3907 1386 3970 diversarum

217 4021 406 4103 opinionum
449 4040 603 4083 numerus
642 4039 702 4101 pro
738 4016 994 4098 fragmentorum
1042 4015 1208 4096 paucitate
1251 4033 1387 4095 magnus

218 4129 260 4193 sit
296 4125 475 4206 habendus,
506 4126 627 4208 optimo
659 4126 729 4188 iure
765 4124 795 4186 ei
831 4123 991 4202 obvertes,
1023 4121 1124 4186 multe
1162 4122 1280 4204 saepius
1316 4141 1383 4182 cer-

216 4234 340 4298 tissime
376 4233 596 4298 dissensiones
627 4253 724 4314 quam
760 4230 990 4294 consensiones
1036 4228 1199 4292 memoria
1249 4226 1388 4290 traditas

218 4363 299 4422 esse,
332 4362 403 4404 cum
428 4339 508 4403 nihil
533 4337 669 4402 haberet
692 4336 997 4402 commemoratione
1023 4333 1110 4418 digni
1133 4333 1317 4398 Hesiodum
1342 4354 1391 4397 se·
