3376 5178
684 421 902 483 ...83-

293 609 345 690 Id,
371 610 458 694 quod
483 612 590 677 soluta
614 614 761 678 oratione
780 613 937 697 scriptum
961 616 1104 680 auctoris
1123 615 1273 682 manibus
1298 619 1383 682 exie-

203 719 250 782 rit
274 739 366 801 opus,
398 719 572 783 terminum
595 725 767 802 postquem
791 720 906 785 ultima
929 740 1002 785 saec.
1028 721 1079 788 VI
1104 721 1262 789 decennia
1285 725 1381 789 nohis

203 825 338 906 indicat,
370 824 489 908 quippe
514 847 587 889 cum
611 847 717 909 prosae
742 827 900 892 orationis
933 827 1137 910 disciplinam
1172 829 1279 895 medio
1311 830 1380 895 fere

202 930 325 996 saeculo
356 936 448 995 sexto
479 932 619 1015 primum
642 933 675 997 in
699 933 791 998 libris
816 932 1062 998 conscribendis
1096 956 1167 999 esse
1199 935 1380 1001 adhibitam

203 1036 407 1103 contendunt
430 1037 576 1104 homines
601 1039 698 1105 docti.
728 1037 884 1123 Quamvis
909 1040 1081 1104 verisimile
1105 1062 1171 1105 non
1196 1042 1239 1105 sit
1261 1042 1379 1107 Acusi-

202 1143 290 1208 laum
314 1142 356 1208 ad
380 1144 623 1227 antiquissimos
646 1167 751 1230 prosae
770 1147 946 1230 scriptores
969 1147 1145 1230 pertinere,
1170 1154 1280 1212 tamen
1305 1170 1378 1213 eum

202 1250 331 1333 longius
355 1272 505 1316 amovere
529 1274 595 1317 non
618 1253 696 1319 licet
719 1252 806 1336 quod
830 1253 948 1336 quibus
965 1253 1216 1320 necessitudinis
1240 1255 1376 1320 vinculis

200 1379 274 1421 oum
289 1357 438 1423 Hesiodo
456 1359 646 1442 conjunctus
663 1359 761 1425 fuerit
773 1367 886 1426 notum
899 1360 1068 1447 habemus
1081 1361 1288 1445 genealogias
1301 1383 1377 1427 vero

200 1466 234 1528 in
260 1466 399 1530 solutam
424 1467 604 1530 orationem
634 1466 810 1532 translatas
841 1465 1019 1550 primordia
1042 1466 1142 1531 fuisse
1167 1467 1374 1533 historiarum

200 1573 496 1656 componendarum
522 1572 644 1638 diserte
667 1579 778 1638 monet
802 1573 922 1638 Strabo
945 1572 964 1635 I
988 1594 1015 1639 o.
1042 1576 1072 1651 2,
1098 1577 1128 1638 6.

290 1678 496 1764 Quamquam
519 1681 619 1764 igitur
652 1681 787 1764 quaestio
819 1680 936 1763 quibus
968 1681 1062 1745 aunis
1085 1680 1233 1745 floruerit
1265 1689 1375 1746 noster

197 1787 380 1851 iniudicata
404 1786 621 1870 relinquenda
645 1793 695 1851 est
718 1792 826 1853 tamen
851 1787 1090 1870 antiquioribus
1125 1787 1372 1870 „logographis“

200 1893 392 1958 Acusilaunr
418 1915 489 1958 esse
513 1893 760 1958 immiscendum
791 1902 928 1978 apparet
952 1894 1002 1958 vel
1026 1916 1066 1959 ex.
1089 1895 1232 1959 auctoris
1255 1915 1375 1977 genere

200 2001 375 2068 scribendi.
409 2001 497 2066 Num
515 2002 600 2065 enirn
622 2001 687 2064 iam
704 2001 933 2066 historicorum
949 2009 1132 2085 temporum
1150 2007 1267 2066 eventa
1290 2007 1374 2067 trac-

198 2108 320 2172 taverit
335 2108 432 2190 plane
449 2109 609 2171 incertum
627 2114 690 2172 est:
714 2108 748 2170 in
765 2106 954 2190 fragmentis
971 2113 1059 2172 certe
1075 2107 1187 2190 qualia
1209 2127 1269 2172 nos
1285 2114 1375 2173 tene-

198 2235 271 2278 mus
294 2213 492 2298 genealogia
526 2219 558 2278 et
590 2211 756 2298 mythi¹⁶⁸)
787 2220 913 2279 tantum
946 2214 1109 2297 leguntur.
1155 2213 1269 2278 Rebus
1299 2236 1374 2296 geo·

197 2320 363 2406 graphicis
387 2326 486 2404 atque
510 2328 693 2404 temporum
724 2322 843 2386 rationi
866 2321 1009 2386 nondum
1033 2343 1103 2386 eam
1128 2343 1225 2404 quam
1249 2323 1374 2404 posteri

197 2427 350 2492 attribuit
381 2428 454 2492 vim.
501 2427 583 2511 Quae
614 2429 723 2493 omnia
753 2428 835 2492 illud
864 2428 933 2492 fere
964 2435 1092 2511 tempus
1124 2427 1211 2511 quod
1242 2427 1373 2492 aliunde

197 2534 350 2616 eruimus
382 2535 521 2617 primum
554 2535 678 2600 scilicet
710 2535 876 2599 dimidium
908 2535 1012 2617 quinti
1036 2557 1064 2599 a.
1091 2533 1169 2601 Ohr.
1194 2557 1225 2600 n.
1253 2535 1372 2615 saeculi,

196 2638 404 2706 confirmant:
418 2640 504 2723 qnod
519 2648 591 2706 erat
607 2641 905 2706 demonstrandum.
931 2639 1062 2706 (lertius
1079 2641 1158 2724 quid
1174 2641 1236 2705 dici
1250 2643 1372 2724 nequit.

287 2747 362 2813 Stili
387 2748 535 2831 exempla
565 2748 659 2813 nobis
684 2749 830 2832 praebere
854 2748 1006 2813 videntur
1030 2747 1112 2830 frgg.
1139 2752 1155 2812 7
1184 2750 1224 2812 12
1251 2751 1291 2812 39
1317 2752 1372 2830 (lb

195 2859 237 2920 37
264 2857 305 2919 38
331 2853 421 2940 tot).
468 2855 565 2919 Unde
589 2854 789 2936 Acusilaum‚
823 2856 910 2940 quod
942 2861 1031 2921 certe
1055 2877 1108 2920 res
1132 2855 1260 2920 ferebat
1283 2855 1371 2940 logo·

195 2961 458 3045 graphorumque
477 2969 556 3044 erat,
582 2962 772 3045 simpliciter
796 2963 853 3028 sed
877 2961 1019 3026 dilucide
1037 2962 1205 3045 scripsisse
1224 2969 1370 3045 apparet.

195 3068 425 3135 Elocutionem
449 3069 629 3152 simplicem
652 3067 751 3133 fuisse
772 3069 987 3152 omnibusque
1011 3070 1155 3134 caruisse
1172 3069 1372 3134 ornamentis

195 3175 289 3240 nobis
314 3177 412 3240 etiam
436 3175 554 3241 Oicero
588 3176 627 3240 de
659 3182 739 3240 orat.
764 3175 803 3239 ΙΙ
829 3178 869 3238 12
894 3175 1015 3240 diserte
1046 3181 1204 3240 testatur:
1254 3175 1371 3253 „Hanc

196 3281 440 3346 similitudinem
458 3282 622 3348 scribendi
646 3282 740 3346 multi
766 3283 868 3348 secuti
893 3288 978 3364 sunt,
1003 3283 1059 3365 qui
1084 3283 1152 3346 sine
1179 3281 1252 3347 ullis
1276 3303 1369 3347 orna-

191 3389 312 3452 mentis
336 3397 545 3455 monumenta
562 3390 665 3454 solum
681 3396 875 3472 temporum,
900 3389 1076 3470 hominum,
1102 3390 1248 3453 locorum
1265 3397 1371 3471 gesta-

194 3517 331 3578 rumque
347 3518 456 3561 rerum
473 3497 686 3580 reliquerunt.
719 3496 849 3580 Itaque,
867 3496 971 3579 quahs
988 3495 1076 3580 apud
1095 3494 1232 3561 Graecos
1248 3494 1371 3560 Phere-

193 3605 406 3613 ———-

282 3637 326 3703 163)
347 3642 476 3691 Herodoti
496 3641 619 3690 historiae
639 3643 741 3703 mythis
762 3643 817 3691 fere
837 3647 939 3690 carent.
962 3670 988 3676 —
1010 3641 1048 3690 Cf.
1069 3641 1195 3690 blenand.
1215 3638 1291 3710 Περὶ
1311 3642 1370 3692 ἐπι·

192 3725 276 3780 detur.
297 3730 324 3778 iu
345 3731 434 3779 Rhett.
455 3730 498 3780 Gr.
518 3730 553 3778 IX
567 3745 592 3793 p.
607 3729 658 3782 143
672 3745 693 3779 s.
709 3731 785 3779 Walz
798 3745 820 3778 o.
836 3731 867 3780 l'l
883 3730 1010 3796 (Mueller
1025 3730 1090 3779 l'llG
1104 3730 1137 3780 lV
1152 3744 1177 3791 p.
1192 3727 1271 3792 aab:
1294 3727 1368 3797 Περὶ

192 3814 347 3868 Μυθικῶν.
375 3815 455 3884 Ἑξῆς
481 3820 517 3869 ἂν
536 3817 580 3884 εἴη
600 3819 666 3888 περὶ
687 3823 742 3869 τῶν
760 3816 897 3887 μυθικῶν
922 3818 1024 3882 εἰπεῖν,
1051 3819 1101 3882 οὓς
1126 3818 1199 3868 ἔνιοι
1225 3819 1280 3886 μὲν
1306 3817 1370 3882 τοὺς

189 3906 296 3970 αὐτοὺς
314 3907 390 3958 εἶναι
403 3906 556 3975 νομίζουσι
569 3912 628 3971 τοῖς
639 3905 863 3975 γενεαλογικοῑς,
883 3908 955 3958 ἔνιοι
976 3906 1006 3957 δὲ
1025 3906 1078 3973 οὐχ
1093 3906 1182 3970 οὕτως
1194 3906 1269 3956 εἶναι
1288 3907 1370 3974 νομί-

193 3993 275 4060 ζουσι
296 3995 363 4059 [τοῖς
382 3992 615 4064 γενεαλογικσῖςΙ.
640 3993 674 4047 Οἱ
692 3997 748 4064 μέν
767 4014 799 4064 γε
813 3995 979 4064 νομίζοντες
992 3993 1077 4045 οὐδὲν
1092 3993 1241 4064 διαφέρειν
1254 3996 1302 4045 καὶ
1322 3994 1370 4058 τὰς

190 4082 380 4153 γενεαλογίας
392 4082 508 4152 μύθους
520 4084 706 4152 εἶναίφασιν,
722 4084 791 4148 οἷον,
811 4087 838 4136 εἰ
851 4083 961 4150 βούλει,
975 4085 1028 4135 ὅσα
1042 4102 1073 4152 γε
1088 4081 1286 4148 Ἀκουσίλεως
1299 4085 1368 4149 (hlil.

193 4174 271 4223 lleer.
298 4178 356 4237 τοῖς
381 4173 528 4224 ἀκούουσι.
549 4175 626 4223 Viud.
655 4178 713 4238 τοῖς
739 4173 868 4225 ἀκουσίο.
895 4175 967 4223 [tior.
994 4173 1018 4226 2.
1039 4174 1099 4226 Par.
1119 4191 1152 4242 ys
1171 4170 1369 4237 Ἀκουσίλεως.

192 4263 264 4312 Rioo.
285 4264 309 4315 1.
331 4277 379 4324 per
399 4265 527 4312 lacunam
547 4263 612 4326 om.)
641 4263 689 4314 καὶ
708 4261 842 4328 Ἠσίοδος
861 4264 908 4314 καὶ
929 4261 1048 4332 Ὀρφεὺς
1073 4263 1105 4312 ἐν
1125 4268 1185 4326 ταῖς
1204 4260 1370 4331 θεογονίαις

186 4351 349 4419 εἰρήκασιν.
369 4349 436 4402 Εἰσὶ
456 4352 584 4420 μὲνγὰρ
604 4349 806 4420 γενεαλογικαὶ
826 4351 917 4414 αὗται,
938 4349 1022 4401 οὐδὲν
1042 4349 1071 4430 dd
1091 4351 1175 4432 ᾖσσον
1192 4348 1328 4436 prodeam.
