3376 5178
652 399 872 460 -63-

172 592 210 655 rii
234 593 267 655 in
295 591 486 674 fragmentis
509 592 672 655 invenitur
715 590 822 675 Quam
840 591 1091 675 discrepantiam
1108 613 1172 655 non
1196 592 1243 655 ita
1267 591 1349 655 soli-i

174 720 266 780 posse
280 699 360 762 mihi
374 697 597 762 confitendum
610 704 669 781 est,
682 705 719 763 ut
732 698 819 762 ultra
833 719 960 762 omnem
969 698 1203 763 dubitationem
1217 719 1270 763 res
1295 699 1346 762 sit.

260 805 364 870 Liber
387 805 441 869 ille
459 806 657 888 suppositus,
682 806 709 869 si
732 826 847 870 revera
863 805 995 889 exstitit,
1022 804 1089 869 sine
1106 804 1205 868 dubio
1218 803 1349 868 histori-

174 913 308 977 nnculas
332 911 510 991 fabulosas,
542 911 656 994 quales
680 911 864 976 delectandi
887 932 986 976 causa
1009 911 1244 994 posterioribus
1268 917 1348 974 tem-

173 1019 306 1101 poribus
331 1017 621 1102 componebantur,
645 1019 814 1083 continuit.
843 1018 915 1082 Iam
940 1039 1045 1082 nonne
1062 1017 1171 1082 hercle
1195 1016 1348 1082 facillime

173 1127 242 1191 lieri
266 1126 385 1210 potuit,
418 1132 455 1191 ut
479 1126 647 1208 scriptum,
682 1124 773 1190 cuius
803 1145 843 1189 ex
866 1124 984 1189 fabulis
1016 1123 1265 1188 delectationem
1289 1124 1346 1187 ho-

172 1234 274 1298 mines
298 1239 496 1316 quaererent,
522 1231 659 1297 eandem
677 1237 797 1296 sortem
813 1232 950 1296 subiisse
975 1239 1073 1314 atque
1091 1230 1240 1295 hodierni
1264 1232 1348 1295 eius·

173 1339 244 1404 dem
268 1340 399 1424 generis
423 1339 509 1422 libri,
535 1346 654 1404 sortem
680 1337 752 1403 dioc
777 1339 927 1404 celeriter
950 1337 1158 1402 intereundi?
1202 1336 1347 1401 Titulum

173 1449 342 1514 obtendes.
373 1447 422 1512 At
445 1468 580 1511 necesse
603 1451 745 1526 nonest,
770 1446 866 1509 etiarn
883 1446 975 1528 operi
991 1443 1120 1509 subdito
1140 1443 1348 1526 Γενεαλογίαι

173 1556 302 1620 titulum
327 1555 437 1633 fuisse,
463 1554 584 1636 quippe
609 1575 681 1617 cum
706 1550 833 1631 Suidas,
858 1551 953 1615 utin
977 1558 1087 1616 cetera
1111 1573 1169 1616 sua
1195 1551 1234 1614 de
1258 1551 1346 1615 Acu-

174 1662 252 1726 silao
270 1661 382 1744 glossa
398 1660 636 1746 conglutinavit
648 1659 703 1744 (cf.
718 1657 826 1741 infra),
843 1660 890 1722 ita
905 1659 968 1723 hac
985 1680 1113 1742 quoque
1129 1659 1162 1722 in
1180 1681 1214 1722 re
1232 1680 1348 1742 parum

172 1769 338 1853 ingeniose
364 1767 531 1830 consuisse
557 1766 685 1830 videtur
707 1765 891 1830 tabularum
915 1787 1089 1830 aenearum
1107 1765 1251 1830 fabulam
1275 1788 1348 1830 cnm

172 1874 438 1956 genealogiarum
462 1872 558 1936 titulo
582 1874 615 1936 in
639 1872 803 1936 nonnullis
827 1870 1017 1953 fragmentis
1040 1873 1183 1936 invento.

259 1981 420 2046 Fortasse
452 2001 528 2044 vero
559 1979 677 2061 aliquis
708 1999 779 2041 curn
810 1978 994 2043 Hesiodum
1024 1985 1123 2061 atque
1155 1977 1348 2044 Acusilaum

171 2089 256 2153 inter
281 2110 315 2152 se
341 2092 557 2170 compararet,
583 2105 714 2149 causam
738 2085 898 2150 allaturus
922 2106 981 2151 cur
1003 2091 1115 2150 noster
1138 2086 1302 2150 interdum
1328 2107 1349 2149 a

172 2201 270 2276 pocta
294 2194 492 2269 discesserit,
516 2191 601 2256 hanc
623 2189 768 2256 fabulam
791 2190 896 2257 finxit.

263 2299 415 2365 Ocniciat
444 2298 585 2381 denique
610 2298 681 2381 quis
713 2299 832 2381 (neque
855 2320 875 2362 a
898 2320 948 2362 me
972 2298 1069 2381 plane
1100 2299 1257 2364 abhorret
1279 2298 1348 2363 haec

173 2408 357 2490 sententia),
383 2406 502 2470 librum
525 2404 643 2469 falsum
665 2406 795 2470 omnino
820 2426 885 2469 non
909 2406 1083 2488 exstitisse,
1108 2405 1165 2469 sed
1189 2427 1353 2488 gramma-

172 2515 273 2578 ticum
298 2512 461 2596 quendam
493 2512 634 2596 genuino
657 2512 808 2577 Acusilai
832 2513 924 2594 operi
947 2513 1099 2577 restituto
1128 2511 1191 2593 (vel
1216 2511 1347 2595 quidem

173 2621 366 2705 fragmentis
379 2621 447 2684 eius
461 2617 663 2704 compositis)
675 2618 862 2683 tabularum
874 2618 1017 2684 fabulam
1027 2621 1261 2703 anteposuisse,
1276 2640 1349 2701 quae

173 2727 284 2791 fabula
302 2727 528 2791 commovisset
549 2724 672 2790 fontem
686 2723 805 2807 Suidae,
819 2731 855 2789 ut
867 2725 907 2790 de
920 2747 1018 2808 opere
1036 2726 1166 2790 subdito
1180 2727 1347 2810 cogitaret.

260 2834 310 2898 At
332 2833 414 2898 nihil
437 2832 568 2916 proficit
591 2833 716 2897 somnia
739 2831 874 2917 fingere.

261 2941 400 3006 Librum
409 2939 575 3005 subditum
589 2940 752 3004 exstitisse
762 2940 869 3022 posito
878 2962 916 3006 ac
926 2960 1080 3005 concesso
1091 2961 1275 3022 quaeramus
1285 2960 1351 3022 quo

173 3056 319 3136 ternpore
332 3047 394 3112 hoc
413 3047 535 3111 factum
556 3046 606 3111 sit.
632 3045 835 3110 Diiudicatio
856 3047 935 3112 satis
956 3052 1046 3110 certa
1064 3067 1130 3110 non
1150 3046 1256 3113 datur.
1291 3045 1349 3110 Nil

173 3159 233 3222 nisi
250 3158 425 3222 terminum
439 3160 514 3237 post
530 3174 626 3237 quem
647 3160 792 3217 statuere
806 3153 893 3234 lieet,
914 3154 1036 3217 exitum
1053 3153 1178 3218 scilicet
1192 3153 1301 3236 quarti
1318 3175 1348 3219 a.

173 3264 250 3330 Chr.
261 3286 292 3328 n.
305 3263 468 3341 saeculum,
482 3283 554 3326 curn
564 3267 631 3324 tum
642 3260 772 3325 demum
781 3260 863 3325 tales
871 3259 1116 3325 historiuneulae
1124 3260 1265 3324 inventae
1273 3259 1350 3330 sint.

260 3370 433 3435 Hadriano
450 3370 645 3451 imperatore
671 3366 843 3433 Sabinus
868 3368 992 3433 scholia
1007 3366 1157 3433 Acusilai
1178 3367 1270 3450 operi
1293 3366 1349 3430 ad·

173 3480 317 3563 scripsit:
343 3475 434 3544 Suid.
459 3499 483 3541 s.
501 3497 529 3539 v.
555 3477 705 3559 Σαβῖνος,
730 3473 903 3562 σοφιστής,
932 3471 1069 3560 γεγονώς
1095 3475 1153 3541 ἐπὶ
1175 3471 1352 3560 Ἀδριανοῦ

172 3587 350 3668 Καίσαρος.
375 3582 517 3669 ἔγραψεν
534 3577 725 3668 Εἰσαγωγὴν
747 3584 802 3649 καὶ
823 3579 1009 3656 ὑποθέσεις
1024 3582 1235 3668 μελετητικῆς
1259 3577 1352 3668 ὕλης,

172 3693 221 3765 εἰς
236 3691 353 3775 βιβλία
369 3689 408 3757 d'.
435 3690 494 3762 Εἰς
511 3689 717 3774 Θουκυδίδην
735 3691 790 3756 καὶ
815 3686 1131 3769 Ἀκουσίλαονῑῃ)
1156 3690 1209 3754 καὶ
1235 3686 1351 3759 ἄλλοι),ι

173 3795 403 3884 ὑπομνήματα·
427 3798 480 3862 καὶ
505 3793 597 3881 ἕτερά
621 3820 694 3861 τινα
718 3795 903 3882 ἑξηγῃικά.

267 3940 311 4004 ¹³⁹)
333 3940 490 4006 Bernhardy
505 3941 618 3988 adnotat
636 3940 665 3988 in
679 3940 743 3991 edit.
758 3938 847 3991 Suid.:
864 3941 1052 4005 „Mirationem
1065 3939 1129 3988 lacit
1136 3939 1254 3988 obsoleti
1268 3939 1353 4001 scrip·

174 4033 242 4082 toris
253 4030 399 4090 rnernoria3
414 4042 585 4091 quamquam
596 4042 678 4077 nemo
692 4030 775 4091 paulo
786 4030 947 4091 prudentior
960 4028 1083 4077 imitetur
1093 4027 1240 4088 Sturzium,
1255 4029 1302 4091 qui
1317 4029 1352 4077 de

175 4122 274 4184 legivo
298 4117 498 4182 mythographo
517 4116 684 4179 cogitaverit.
724 4117 777 4166 Sed
797 4118 821 4166 si
840 4117 920 4166 locus
944 4122 988 4166 est
1011 4118 1125 4181 integer,
1152 4117 1272 4167 Sabinus
1292 4119 1353 4167 illu-

173 4211 271 4259 stravit
291 4208 400 4257 lihellos
420 4206 515 4255 neseio
535 4219 607 4267 quos
620 4206 742 4255 Acusilui
761 4204 906 4255 rhetoris“.
935 4206 968 4254 nt
987 4208 1135 4257 Acusilaus
1149 4209 1210 4270 ipsa
1223 4208 1352 4270 coujunc-

174 4301 248 4348 tionc
269 4313 324 4361 qna
350 4310 414 4344 cum
435 4295 555 4344 llesiodo
579 4309 723 4344 connexus
742 4300 809 4356 erat,
838 4294 953 4344 minime
980 4296 1031 4345 luit
1057 4297 1209 4347 obsoletus.
1248 4298 1352 4346 Deinde

175 4389 345 4438 nmnendnm
366 4389 417 4442 est,
438 4390 463 4431 et
483 4383 673 4447 Thucydidem
693 4389 719 4432 ct
739 4384 899 4434 Acusilaum
921 4381 1137 4451 „historinm“(!)
1158 4387 1316 4449 scripsisse.
1343 4389 1345 4397 '
