3376 5178
650 409 870 470 „47-

172 593 226 665 dre
249 600 345 664 θέλοι
370 591 507 666 ὀλέσθαι
530 600 621 687 (1.5)
644 623 710 666 non
733 608 802 667 tam
825 608 992 666 auctorem
1017 622 1113 683 quarn
1135 601 1347 666 scholiastam

173 705 262 771 olere
285 707 404 790 probat
428 707 565 791 Dyscoli
589 729 711 788 versus,
736 711 851 794 ταμίης
875 709 974 790 igitur
998 729 1060 772 vox
1082 730 1148 773 non
1173 709 1279 773 minus
1304 708 1346 773 ad

172 813 304 877 modum
329 815 442 880 mortis
466 837 564 898 quam
587 815 629 880 ad
652 816 826 880 terminum
850 803 966 879 referri
989 822 1107 898 potest.

263 919 365 985 Genti
381 921 479 986 alicui
495 921 585 986 Eleae
602 922 818 1005 fragmentum
835 923 980 1005 assign03
997 943 1072 985 nam
1088 944 1161 1005 quae
1178 922 1219 986 de
1236 922 1348 1006 Endy-

173 1027 280 1092 mione
309 1049 374 1092 non
404 1035 537 1112 pastore
569 1067 611 1076 —-
642 1051 717 1094 nam
747 1028 799 1094 hio
829 1031 863 1092 in
894 1029 1005 1112 mytho
1036 1030 1228 1112 genealogia
1258 1037 1347 1094 certe

172 1134 307 1216 gloriari
334 1157 399 1200 non
427 1143 560 1219 poterat
589 1174 633 1184 -
666 1137 722 1202 sed
753 1136 840 1219 regis
870 1136 936 1200 filio
965 1136 1186 1219 proferuntur,
1216 1137 1347 1201 Elidem

172 1240 267 1306 nobis
290 1243 446 1310 indicant.
485 1244 609 1309 Aeoles
634 1265 673 1308 ex
697 1243 868 1308 Thessalia-
891 1243 1021 1307 Elidem
1045 1243 1137 1308 duxit
1161 1244 1349 1327 Endymion

173 1346 344 1434 (Apollod.
368 1350 389 1418 l.
414 1350 460 1434 l),
485 1351 541 1415 ubi
564 1373 700 1434 regnum
725 1350 932 1433 obtinuit.¹⁰⁵)

262 1510 359 1594 Frg.
396 1511 453 1575 35
490 1514 561 1594 (153
601 1510 667 1576 los.
708 1511 882 1594 epitomem
922 1517 1114 1594 ceterosque
1154 1511 1244 1576 locos
1284 1534 1347 1576 orn.

172 1616 317 1698 Muell.):

262 1777 388 1858 loseph.
414 1778 525 1862 ilatio.
549 1779 624 1847 lud.
648 1780 666 1844 l
690 1783 721 1859 3,
753 1783 774 1842 9
806 1783 835 1844 et
859 1798 899 1844 ec
921 1798 956 1844 ιο
979 1780 1043 1844 Ios.
1070 1779 1145 1847 Aut.
1173 1779 1245 1846 leid.
1270 1779 1347 1860 epit.

173 1885 191 1949 l
214 1887 273 1950 107
297 1889 326 1951 cl
352 1887 412 1950 108
435 1884 475 1974 (=
497 1886 579 1950 Hes.
603 1885 664 1970 frg.
690 1885 787 1972 256):

262 2054 467 2131 Μαριοροῦσι
490 2046 601 2129 δέμον
624 2054 671 2133 τῷ
694 2045 778 2133 λόγῳ
803 2045 883 2133 (scil.
901 2048 974 2112 Noe
989 2053 1171 2130 nongentos
1188 2047 1348 2130 quinqua-

173 2153 263 2236 ginta
294 2175 397 2218 annos
428 2154 557 2218 demum
586 2161 661 2238 post
695 2155 848 2219 diluvium
881 2155 966 2218 diem
998 2175 1183 2238 supremum
1214 2154 1345 2236 obiisse)

173 2260 220 2344 (in
245 2262 320 2343 epit.
347 2263 454 2326 statim
479 2263 610 2326 nomina
633 2264 737 2344 sequ.)
762 2260 881 2337 πάντες
898 2259 928 2325 οἱ
944 2253 1022 2347 παρ’
1038 2256 1168 2349 Ἕλλησι
1193 2262 1248 2325 καὶ
1267 2265 1345 2343 βαρ-

172 2366 283 2453 βάροις
316 2367 582 2454 συγγραψάμενοι
612 2367 671 2446 τὰς
700 2359 933 2455 ἆρχαιολογίας·
969 2369 1165 2454 (sequuntur
1199 2344 1388 2453 nomina)⁸

301 2483 514 2562 συμφωνοῦσι
543 2485 612 2552 τοῖς
641 2467 698 2541 ὑπ’
731 2474 808 2557 ἐμοῦ
838 2477 1020 2561 λεγομένοις
1049 2467 1195 2552 ‘Holoddg
1225 2499 1260 2540 σε
1291 2476 1376 2539 uate

171 2573 337 2659 Ἑκαταῖος
366 2583 438 2666 (frg.
464 2583 542 2668 365)
566 2583 621 2646 καὶ
643 2575 823 2660 Ἑλλάνικος
846 2584 918 2665 (frg.
945 2584 1001 2667 89)
1025 2583 1079 2646 καὶ
1101 2574 1347 2661 Ἀκουσίλαος

172 2689 227 2753 καὶ
252 2689 331 2775 πρὸς
354 2689 481 2766 τούτοις
497 2683 639 2778 Ἔφορος
662 2690 735 2774 (frg.
753 2693 809 2772 24)
832 2691 887 2754 καὶ
910 2689 1069 2766 Νικόλαος
1090 2691 1164 2774 (frg.
1182 2691 1238 2774 9l)
1256 2687 1346 2753 iuco-

173 2805 264 2882 ροῦσι
295 2798 400 2881 (epit.:
431 2798 634 2861 enuntiatum
659 2798 752 2866 relat.
778 2797 890 2882 οἳ...)
920 2795 995 2874 τοὶς
1018 2789 1168 2883 ἄρχαίοις
1192 2796 1350 2882 ζήσαντας

173 2901 227 2991 ἔτι)
247 2904 345 2986 χίλια.

263 3067 373 3129 losephi
399 3067 491 3116 locum
517 3067 552 3114 ad
578 3067 693 3116 verbum
719 3067 928 3129 exscripserunt
955 3067 996 3115 lo.
1024 3068 1181 3116 Laureut.
1208 3067 1285 3130 Lyd.
1313 3068 1349 3116 de

172 3171 261 3207 mens.
282 3155 354 3206 1115
381 3153 418 3219 (p.
438 3153 481 3215 39,
503 3154 536 3206 18
556 3151 721 3220 Wuensch);
742 3155 815 3205 Eus.
842 3170 926 3217 praep.
954 3169 995 3206 ev.
1016 3155 1050 3203 lx
1070 3153 1103 3205 13
1123 3169 1148 3216 p.
1168 3154 1221 3206 415
1243 3157 1275 3217 03
1297 3157 1348 3207 Ge.

173 3246 358 3310 Syncellus
385 3244 534 3307 Chronogr.
555 3259 579 3306 p.
600 3243 635 3296 43
654 3245 682 3292 B.
705 3244 855 3293 Eusebium
876 3245 1024 3306 exscripsit
1051 3244 1185 3293 Simeon
1213 3246 1347 3306 Logoth.

172 3337 200 3384 in
228 3335 317 3384 Cram.
343 3335 445 3385 Anecd.
471 3335 530 3386 Par.
559 3335 569 3382 Ι
595 3333 643 3384 14:
669 3335 697 3384 ol
724 3331 754 3382 δὲ
779 3332 812 3383 τὰ
841 3330 960 3382 Φοινικὰ
987 3333 1226 3402 συγγραψάμενοι
1253 3333 1352 3386 ‘Holo—

173 3423 220 3488 δός
240 3441 267 3474 τε
294 3421 356 3474 κτλ.
395 3424 444 3473 Ge.
466 3423 654 3484 cedrenus,
682 3423 782 3474 Histor.
810 3424 904 3484 Comp.
932 3437 956 3484 p.
977 3422 1009 3473 11
1031 3424 1048 3471 b
1068 3423 1096 3483 C,
1124 3424 1167 3473 ed.
1195 3424 1309 3472 Bekker.
1338 3424 1348 3472 l

173 3497 199 3577 pj
219 3513 262 3575 23,
283 3512 326 3565 15.

262 3603 286 3654 5.
307 3601 449 3667 Ἡσίοδος]
477 3603 511 3652 ad
538 3602 618 3664 Oper.
641 3599 691 3652 130
717 3603 854 3664 pertinere
881 3602 1041 3664 suspicatur
1067 3602 1146 3651 Kink.
1168 3601 1231 3650 EGF
1258 3599 1350 3653 1166.

307 3693 435 3741 Fortasse
456 3693 558 3740 addere
577 3691 642 3740 licet
661 3690 709 3752 Op.
730 3689 782 3742 113
801 3705 837 3740 s.:
863 3687 932 3740 οὺόέ
950 3707 974 3739 τι
995 3686 1095 3740 δειλὸν
1114 3695 1204 3758 γῆρας
1222 3691 1352 3756 ἐπῆν...

262 3831 344 3917 Quae
369 3840 538 3897 auctorum
555 3833 667 3913 series,
693 3854 788 3915 quarn
813 3833 932 3897 iterum
951 3833 1134 3914 iterumque
1152 3832 1349 3914 exscriptam

173 3940 458 4024 deprehendimus
483 3939 572 4004 haud
596 3939 694 4003 dubie
719 3961 758 4003 ex
782 3939 885 4004 lexico
910 3938 1051 4021 quodam
1069 3937 1264 4021 deprompta
1288 3945 1346 4004 est.

171 4048 244 4114 Iam
268 4070 355 4130 vero,
388 4047 550 4130 quomodo
574 4047 658 4112 tales
689 4046 767 4111 facti
798 4048 863 4110 sint
893 4045 1044 4127 catalogi,
1076 4067 1171 4110 nemo
1197 4052 1247 4110 est
1270 4045 1348 4128 quin

100 4186 105 4196 ·
173 4157 270 4220 sciat:
295 4157 403 4220 omnia
427 4176 499 4237 quae
523 4153 656 4236 aliquod
674 4153 892 4218 similitudinis
913 4153 1084 4234 vestigium
1101 4152 1250 4235 praebent
1273 4173 1352 4216 con·

262 4350 305 4416 ¹⁰⁵)
327 4354 398 4416 lbyC·
419 4355 469 4416 [σε.
489 4352 523 4406 43
542 4354 641 4417 Bergk.
