3376 5178
822 388 1044 450 ..48-

344 582 609 646 ferruminantur.
656 582 819 664 Equidem
852 581 1036 666 catalogum
1067 588 1246 664 auctorum,
1283 584 1339 665 qui
1374 583 1521 648 homines

345 690 461 754 summi
486 690 592 754 aetatis
608 688 827 773 (μακροβίους)
844 689 1023 754 attulerant
1047 710 1249 772 quorumque
1273 712 1357 754 unus
1382 689 1521 755 fortasse

345 795 504 861 vocabulo
527 795 615 860 mille
640 794 804 874 utebatur,
830 816 1012 878 propensus
1038 818 1108 860 sum
1132 796 1333 880 intellegere.

434 902 516 967 Loci
540 924 622 985 quos
646 903 711 966 iam
735 902 923 985 prolaturus
952 925 1022 967 sum
1051 903 1191 967 fortasse
1222 924 1294 985 quae
1319 904 1405 968 viam
1427 903 1520 968 nobis

344 1015 527 1074 monstrent
551 1009 594 1072 ad
617 1007 768 1072 Acusilai
800 1009 996 1072 sententiam
1019 1010 1273 1091 intellegendam
1302 1010 1411 1074 idonei
1435 1017 1519 1078 sunt.

433 1115 489 1180 Ab
514 1116 662 1181 Hesiodo
687 1115 836 1180 Acusilai
859 1114 947 1180 fonte
972 1115 1224 1199 proficiscamur.
1265 1116 1346 1180 Hes
1371 1117 1432 1198 ing.
1460 1120 1519 1181 161

346 1221 401 1307 (de
414 1222 555 1308 Tiresia)
572 1220 655 1287 ένιτό
668 1214 756 1287 τ’ένιὶ
773 1220 866 1301 ζώειν
882 1221 991 1307 γενεὰς
1006 1221 1158 1308 μερόνιων
1170 1215 1367 1309 α’νθρώτιων.
1392 1222 1442 1288 Id.
1460 1223 1519 1305 frg.

349 1333 408 1394 171
436 1330 490 1410 (de
515 1329 651 1414 Musis):

375 1460 376 1463 ’
505 1427 612 1501 Ἐννέα
636 1461 687 1501 τοι
711 1435 787 1516 ζώει
810 1435 922 1522 γενεὰς
944 1435 1097 1521 λακέρυζα
1120 1435 1242 1523 κορώνη

505 1539 625 1629 α’νὸριῦν
650 1543 820 1630 γηρώντων·
847 1541 966 1631 ἔλαφος
990 1544 1023 1608 δέ
1046 1567 1081 1608 τε
1102 1543 1346 1630 τετρακόρωνος·

506 1663 592 1737 τρεῖς
615 1643 783 1739 δ’έλόφσος
808 1643 824 1716 ό
847 1649 946 1737 κόραξ
973 1650 1176 1738 γηράσκεται·
1201 1646 1303 1736 αὐτὰρ
1327 1643 1344 1714 ό
1368 1649 1479 1737 φοῖνιξ

507 1756 595 1824 ἐννέα
617 1759 675 1841 μέν
695 1757 842 1844 κόρακας,
867 1758 940 1823 δέκα
959 1763 1108 1846 φοίνικας
1130 1758 1164 1824 da'
1186 1782 1238 1823 τοι
1262 1751 1353 1844 ἡμεῖς

505 1864 647 1952 Νύμφαι
671 1863 879 1949 ένιιλόκαμσι,
903 1866 1014 1951 κσόραι
1038 1864 1117 1942 Διὸς
1140 1863 1308 1951 αἰγιόχοιο.

437 1972 535 2057 Quod
559 1974 656 2037 etiam
680 1973 722 2037 ad
746 1973 894 2038 homines
918 1994 990 2038 esse
1015 1973 1163 2055 relatum,
1196 1973 1400 2039 demonstrat
1423 1973 1522 2039 schol.

347 2080 428 2162 Lyn.
456 2082 536 2144 794:
568 2076 697 2164 Κόρακα
721 2074 873 2144 εἴπετόν
896 2070 1046 2144 Ὀδυσσέα
1077 2077 1191 2145 διὰτὸ
1221 2079 1439 2166 πολυχρόνιον·
1470 2079 1524 2143 καὶ
1652 2109 1653 2112 “

347 2185 408 2273 γὰρ
430 2185 679 2272 προγενέστερόν
697 2206 778 2274 φασι
803 2185 858 2252 τόν
881 2177 1029 2253 Ὀόνσσέα
1051 2195 1108 2251 τοῦ
1124 2191 1297 2274 Νέστορος·
1321 2178 1338 2251 ό
1363 2186 1396 2251 δὲ
1419 2185 1522 2274 κόραξ,

349 2288 393 2371 ὥς
417 2317 515 2381 φησιν
537 2285 690 2374 (Ησίοδος,
716 2292 763 2380 ρη’
787 2292 897 2378 γενεὰς
920 2292 966 2380 ζῇ.

436 2401 519 2466 Hes,
551 2399 612 2483 frg.
641 2404 699 2465 171
735 2401 834 2486 (Plin.
866 2400 908 2465 N.
933 2399 1140 2470 H.v1148
1172 2401 1260 2484 quod
1291 2407 1390 2484 caput
1422 2403 1524 2466 multa

349 2508 482 2573 exhibet
505 2507 682 2592 exempla):
709 2508 927 2587 „Hesiodus
952 2509 1007 2591 qui
1030 2509 1154 2592 primus
1170 2509 1281 2592 aliqua
1304 2509 1344 2573 de
1365 2509 1427 2574 hoc
1450 2530 1523 2592 pro-

349 2616 432 2680 didit
456 2615 614 2695 fabulose,
639 2622 676 2680 ut
699 2636 783 2695 reor,
814 2616 918 2680 multa
941 2615 981 2680 de
1004 2615 1171 2680 hominum
1196 2637 1263 2688 aevo
1288 2615 1433 2681 referens
1457 2637 1524 2680 cor-

348 2723 413 2786 nici
436 2743 552 2786 novem
575 2727 704 2786 nostras
729 2722 878 2786 attribuit
905 2728 1039 2786 aetates..
1055 2771 1062 2786 .
1077 2726 1105 2790 .“
1146 2722 1291 2787 Maxime
1314 2723 1452 2787 idoneus
1476 2728 1524 2787 est

348 2828 438 2893 locus
461 2828 535 2895 Val.
562 2829 609 2893 M.
632 2827 723 2895 VIII
749 2832 803 2892 13:
854 2829 1110 2908 „Hellanicus
1141 2828 1254 2915 (etiam
1277 2827 1523 2913 logographusl)

349 2956 425 3000 vero
451 2937 507 3017 ait,
540 2935 696 3018 quosdam
729 2957 769 3000 ex
800 2943 897 3018 gente
928 2937 1098 3019 Epiorum‚
1130 2959 1202 3020 quae
1233 2959 1310 3020 pars
1342 2942 1392 3000 est
1423 2936 1525 3000 Aeto·

349 3043 411 3122 lire,
446 3043 604 3107 ducentos
636 3044 766 3126 explere
798 3043 920 3108 annos“
955 3044 1053 3123 (idem
1086 3042 1154 3107 fere
1185 3043 1271 3108 Plin.
1303 3043 1345 3110 N.
1376 3043 1422 3107 H.
1454 3041 1522 3109 VH

350 3153 415 3232 48).
446 3149 531 3216 Plin.
563 3149 606 3213 N.
638 3150 683 3213 H.
717 3149 866 3216 V1148:
899 3150 1082 3233 Ephorus
1111 3148 1329 3235 (historicusl)
1358 3148 1524 3213 Arcadum

349 3278 442 3338 reges
468 3254 554 3321 000
588 3278 690 3320 annos
722 3257 860 3321 vixisse“
894 3256 1021 3339 (eadem
1054 3256 1189 3322 Censor.
1236 3257 1290 3320 De
1322 3256 1373 3320 die
1404 3262 1472 3320 nat.
1497 3276 1523 3318 c.

348 3363 481 3443 XVII).

439 3468 493 3533 Ita
516 3470 616 3553 igitur
640 3468 779 3535 fortasse
800 3468 991 3534 Acusilaum
1020 3492 1150 3554 quoque
1182 3471 1222 3535 de
1254 3470 1440 3534 hominibus
1462 3493 1524 3551 μα-

349 3579 486 3661 κραέωσι
511 3575 610 3639 verba
641 3575 757 3640 fecisse
783 3577 939 3658 suspicor.
986 3578 1031 3641 Et
1054 3598 1090 3641 re
1115 3599 1192 3642 vera
1216 3577 1350 3641 dubium
1374 3598 1440 3640 non
1466 3582 1523 3656 est,

350 3684 429 3766 quin
453 3681 514 3746 hoc
537 3682 728 3746 lacunarum
753 3683 986 3766 explendarum
1014 3684 1285 3748 medicamentum
1310 3684 1339 3747 ei
1362 3682 1525 3747 interdum

350 3789 570 3873 gratissimum
586 3799 684 3873 atque
700 3789 914 3873 peridoneum
931 3789 1040 3872 fuerit,
1066 3812 1137 3854 cum
1154 3790 1323 3855 historiam
1339 3791 1526 3855 continuam

350 3896 493 3962 scribere
518 3896 681 3961 studuerit
705 3904 738 3963 et
761 3899 844 3962 bene
868 3904 1100 3980 comparatam.

439 4003 673 4090 Fragmentum
697 4005 738 4069 ad
764 4011 888 4070 certum
911 4007 1001 4089 γένος
1024 4004 1139 4069 referri
1162 4005 1286 4088 nequit.

833 4276 1047 4283 ——---—-
