3376 5178
669 414 891 476 ..45-

188 603 399 670 Stesichorus
435 605 682 691 exhibuerat.⁹⁶)
728 605 896 672 Hesiodus
927 630 1005 672 num
1036 609 1166 673 omnino
1197 607 1366 674 Actaeonis

190 713 388 778 mentionem
412 711 537 792 fecerit,
570 714 649 778 satis
674 721 763 778 certo
789 715 953 779 enucleari
976 713 1145 800 nequit.⁹⁷)
1191 715 1367 781 Acusilaus

189 819 318 883 etiamsi
335 818 559 885 Stesichorum
584 842 646 884 non
670 819 765 903 plane
783 827 915 886 secutus
940 828 990 886 est
1013 822 1112 904 (apud
1130 822 1266 906 lyricum
1283 825 1367 888 enim

190 926 303 990 Diana
317 927 443 991 iuvenis
459 933 597 992 mortem
616 927 721 1004 efficit,
741 928 828 1009 apud
844 935 992 992 nostrum
1009 950 1085 993 vero
1102 929 1241 1014 Iupiter)
1258 937 1368 995 tamen

192 1033 527 1117 significantissimum
559 1041 618 1117 est,
650 1040 796 1099 nostrum
828 1056 868 1099 ex
892 1056 930 1100 eo
954 1042 1052 1118 poeta
1083 1037 1230 1102 hausisse
1255 1039 1311 1121 qui
1334 1039 1368 1102 in
1386 1031 1408 1058 ²

191 1140 303 1205 fabula
328 1141 514 1206 enarranda
545 1142 685 1224 speciem
710 1142 778 1206 veri
808 1163 938 1206 servare
962 1151 1098 1208 conatus
1122 1151 1223 1210 esset:
1254 1145 1366 1210 Hime-

191 1269 276 1312 raeus
303 1249 387 1312 enim
418 1270 483 1312 non
516 1249 666 1312 iuvenem
698 1249 784 1312 cervi
816 1246 922 1333 figura
952 1249 1112 1327 indutum,
1144 1252 1202 1316 sed
1225 1253 1368 1318 Dianam

191 1356 279 1418 cervi
308 1354 428 1438 pellem
453 1356 482 1419 ei
506 1356 780 1421 circumicientem
808 1357 904 1421 nobis
928 1357 1133 1443 poposuit.⁹⁸)
1179 1357 1368 1441 Acusilaus,

191 1483 265 1526 cum
290 1483 420 1526 causam
444 1463 558 1526 mortis
582 1463 740 1545 attulerit,
767 1465 864 1527 etiarn
885 1470 1023 1528 mortem
1041 1465 1155 1548 ipsam,
1180 1465 1369 1532 brevissime

191 1569 279 1648 licet,
305 1569 493 1652 descripsit,
525 1569 613 1633 haud
638 1570 735 1634 dubie
768 1571 855 1653 apud
879 1577 1046 1636 auctorem
1069 1579 1216 1637 nostrum
1241 1574 1370 1657 Iupiter

192 1676 302 1740 Diana
326 1677 420 1758 qnasi
443 1677 660 1742 instrumento
677 1678 842 1742 utebatur.
876 1676 1153 1762 Genealogiarum
1178 1682 1370 1764 scriptorem

191 1785 290 1847 etiarn
320 1790 427 1847 ortum
451 1782 621 1849 Actaeonis
648 1784 827 1867 praebuisse
851 1807 911 1868 pro
936 1792 1025 1850 certo
1049 1785 1165 1854 habeo.
1211 1788 1370 1853 Nostrum

192 1887 390 1972 Apollodori
424 1890 531 1954 locum
568 1897 704 1956 stemma
735 1892 916 1972 antecedit3
948 1892 1035 1975 quod
1066 1914 1138 1957 cum
1171 1901 1204 1959 et
1231 1895 1371 1960 Hesiodi

192 1997 331 2078 vestigia
367 1997 582 2083 contineat⁹⁹)
619 2004 652 2062 et
688 2020 761 2062 cum
792 1997 940 2063 Acusilai
975 2001 1160 2066 testimonio
1194 2008 1264 2065 arte
1296 2021 1370 2065 con·

191 2104 339 2168 iunctum
375 2105 431 2186 sit,
468 2106 630 2188 suspicor,
671 2105 755 2170 hanc
793 2107 980 2188 prosapiam
1019 2109 1190 2192 utriusque
1225 2109 1368 2173 auctoris

192 2231 275 2274 esse.

282 2316 375 2383 Nulli
383 2319 473 2400 genti
481 2319 544 2382 nisi
555 2319 712 2384 BoeotIcae
721 2318 818 2384 alicui
828 2318 1045 2403 fragmentum
1056 2321 1209 2386 addicere
1220 2343 1369 2404 possum:

192 2420 332 2489 Actaeon
350 2425 445 2502 enim,
468 2424 605 2490 Aristaei
629 2432 727 2509 atque
744 2424 909 2491 Autonoae
928 2425 1044 2491 Oadmi
1060 2425 1134 2491 filiae
1151 2427 1247 2510 filius,
1272 2428 1370 2494 heros

194 2529 258 2595 fuit
281 2529 459 2596 Boeoticua

282 2745 317 2812 ⁹⁶)
338 2749 421 2800 Paus.
442 2749 476 2797 IX
489 2748 515 2809 2,
535 2747 566 2800 3:
587 2748 763 2819 Στησίχορος
783 2750 813 2802 δὲ
832 2753 847 2802 ὁ
867 2749 1012 2820 Ἱμεραῖος
1025 2750 1154 2820 ἔγραψεν
1166 2749 1278 2820 ἐλάφου
1292 2769 1371 2821 περι-

192 2834 298 2900 βαλεῖν
315 2835 406 2905 ὁέρμα
426 2834 570 2889 Ἀκταίωνι
590 2840 641 2905 την
659 2837 738 2904 θεόν,
758 2840 1037 2910 παρασκευάζουσάν
1055 2843 1082 2892 οἱ
1096 2840 1145 2891 τὸν
1157 2842 1188 2891 ἐκ
1203 2845 1257 2891 τῶν
1276 2845 1372 2892 κυνῶν

191 2923 330 2990 θάνατον,
350 2927 398 2977 ἵνα
418 2925 452 2994 δὴ
471 2929 512 2995 μὴ
531 2933 655 2996 γυναῖκα
668 2927 806 2998 Σεμέλην
824 2927 920 2994 λάβοι.
945 2932 984 2980 Cl.
1004 2932 1150 2980 vasculum
1164 2931 1282 2980 Atticum
1302 2932 1371 2995 figu-

193 3015 233 3064 ris
253 3016 344 3064 rubris
364 3017 469 3078 pictum
496 3017 577 3074 (Mon.
598 3019 624 3067 d.
646 3019 711 3070 lnst.
732 3019 767 3068 Xl
786 3021 842 3068 tab.
862 3018 917 3081 49),
946 3021 993 3069 ubi
1013 3025 1040 3069 et
1059 3020 1177 3068 Artemis
1196 3025 1223 3068 et
1243 3047 1277 3056 -
1296 3021 1371 3083 quod

193 3104 333 3154 Semelam
353 3106 475 3156 indicare
495 3108 655 3157 videtur-
676 3110 779 3171 Iupiter
796 3109 935 3158 Actaeonis
955 3110 1036 3158 morti
1056 3110 1201 3158 intersunt.

284 3191 316 3257 9ί)
338 3196 402 3244 iles.
432 3197 481 3258 srg.
510 3194 560 3246 131
591 3197 707 3260 (Philod.
733 3197 799 3265 περί
826 3197 919 3261 ευσεβ.
946 3213 971 3260 ρ.
995 3196 1030 3248 60
1055 3199 1109 3249 tab.
1138 3197 1198 3260 147,
1225 3198 1290 3251 1-3
1316 3200 1370 3261 G.):

194 3281 431 3352 ΙΣτησίχορ]ος(“ί)
452 3281 597 3334 Ἀκταίωνι
617 3285 665 3335 καὶ
686 3282 840 3353 [Ἀλκμάίκ
867 3286 914 3337 καὶ
935 3283 1070 3355 καθάπερ
1089 3321 1180 3339 .....
1200 3290 1232 3338 ἐν
1250 3288 1373 3354 'Helops

265 3373 354 3432 Quare
374 3374 457 3422 nimis
478 3374 610 3422 audacter
628 3375 752 3424 Wentzel
771 3390 814 3437 ap.
835 3376 1015 3439 Pauly-Wiss
1036 3391 1057 3426 s,
1078 3393 1102 3426 v.
1123 3378 1246 3428 Aliteion.

284 3459 317 3525 9⁸)
338 3463 448 3522 Robert,
470 3463 529 3511 Bild
549 3478 576 3512 u.
596 3459 666 3512 Lied
686 3479 711 3526 p.
731 3463 799 3514 nes.
825 3464 933 3527 Optime
951 3466 1042 3515 Julius
1056 3467 1157 3516 Ziehen
1176 3467 1273 3530 (Bona.
1295 3467 1371 3518 stuc.

195 3566 222 3614 p.
246 3550 295 3603 179
315 3551 368 3617 ss.)
394 3553 533 3614 exposuit,
562 3554 589 3601 in
609 3553 748 3603 eiusmodi
775 3555 1017 3618 monumentiS,
1045 3555 1151 3604 sivein
1171 3558 1293 3606 vasculis
1313 3558 1372 3607 sive

194 3641 224 3689 in
244 3641 392 3703 lapidibus,
421 3643 556 3692 artificem
575 3647 663 3691 artem
683 3643 829 3702 defecisse,
857 3657 943 3705 quare
963 3657 1037 3702 eum,
1066 3658 1131 3692 cum
1150 3644 1372 3694 immutationem

195 3731 368 3792 prohabilem
396 3732 476 3782 nobis
503 3732 619 3781 reddere
646 3733 779 3792 studeret,
807 3732 965 3780 Actaeonem
992 3734 1064 3794 pelle
1089 3733 1291 3782 circumdatum
1312 3748 1372 3783 cre-

194 3819 298 3867 avisse.

283 3904 321 3974 ⁹⁹)
340 3909 389 3957 ilic
408 3914 451 3958 est
471 3909 629 3972 Apollodori
649 3910 742 3958 locus:
765 3907 907 3975 Αὐτονόης
927 3906 957 3959 ὀί
976 3910 1024 3960 καί
1045 3907 1210 3978 Ἀρισταίου
1229 3915 1298 3975 παῖς
1311 3911 1374 3962 ’Λκ-

195 3996 284 4046 τοίων
311 3998 429 4064 ἐγένετο,
457 3999 487 4062 ὃς
513 3999 630 4067 τραφείς
655 3997 734 4067 παρὰ
753 3996 864 4066 Χίρωνι
884 3999 1008 4068 κυνηγὸς
1032 3997 1182 4066 ἐδιδάχθη,
1209 4000 1256 4050 καί
1276 4001 1374 4052 ἔπειτα

194 4085 316 4153 ὕστερον
334 4087 366 4136 ἐν
384 4087 420 4149 τῷ
439 4085 610 4156 Κιθαιρῶνι
639 4086 808 4157 κατεβρώθη
828 4088 883 4139 ὑπὸ
903 4093 959 4139 τῶν
978 4088 1061 4140 ἰδίων
1078 4094 1182 4140 κυνῶν.
1205 4119 1231 4126 -
1253 4091 1374 4141 Hesiodo

193 4178 271 4223 certe
295 4179 391 4225 notum
415 4176 467 4226 luit
492 4177 545 4226 hoc
571 4177 745 4240 conjugium:
773 4178 821 4229 Th.
847 4177 908 4231 977.
946 4179 984 4228 ct
1014 4179 1079 4242 Hyg.
1108 4195 1133 4242 p.
1154 4177 1197 4240 36,
1219 4179 1252 4230 14
1282 4179 1375 4233 Schm.

194 4263 276 4322 Quod
289 4264 324 4313 ad
339 4265 466 4315 Chironis
479 4266 683 4325 educationem,
704 4268 739 4316 ei.
755 4265 942 4330 Hesirg.19;
963 4267 1010 4316 Th.
1026 4265 1111 4330 1001;
1133 4269 1227 4318 Eoeam
1243 4269 1372 4333 ,Corom‘

193 4353 307 4402 Wilam.
327 4355 344 4402 1.
365 4356 383 4407 l.
