3376 5178
655 428 875 498 „19-

177 627 298 691 tionem
322 628 596 711 comprobandam
629 651 707 693 usus
738 635 818 709 erat,
850 631 1017 713 apposuit:
1052 652 1149 714 „ergo
1174 627 1351 695 Aousilaus

177 724 351 821 Ἀργέστην
374 737 542 818 epitheton
567 737 768 801 intellexit
785 732 898 822 (οἱδε)“
918 738 968 801 vel
985 738 1088 802 simile
1105 738 1194 821 quid.
1228 737 1353 804 Scholi-

178 849 257 906 astae
288 844 487 925 posteriores
516 850 749 908 contraxerunt
772 866 1010 928 perperamque
1033 845 1241 928 interpretati
1266 853 1351 910 sunt.

178 948 314 1013 Minime
331 951 431 1034 igitur
444 948 642 1016 Sehwartzio
655 951 893 1036 (Pauly-Wiss.
907 975 936 1014 v.
949 950 1141 1038 Ahusilaos)
1158 953 1352 1036 adstipulor,

178 1078 251 1120 oum
276 1064 442 1122 auctorem
465 1058 572 1123 looum
590 1059 762 1124 obscurum
787 1058 846 1144 (so.
863 1059 1017 1144 Hesiodi)
1040 1061 1352 1159 interpretatum

179 1184 265 1228 esse
290 1163 430 1242 dieat³⁴l

267 1271 348 1341 Hes.
382 1271 443 1336 Th.
481 1275 544 1339 379
582 1275 799 1358 oosmogoniae
836 1274 1053 1357 fragmentum
1089 1275 1234 1338 inserere
1269 1295 1354 1337 eom-

179 1378 321 1442 mendat.

621 1551 662 1616 B.
688 1550 910 1632 Theogonis.

268 1711 366 1797 Frg.
390 1712 419 1775 9
443 1745 468 1763 =
493 1712 667 1778 Plrllorlam.
693 1712 768 1797 napi
793 1703 895 1795 εὕσεβ.
915 1731 951 1794 p.
978 1715 1022 1777 46
1045 1711 1129 1794 (rob.
1155 1714 1193 1777 61
1204 1713 1237 1793 b)
1262 1712 1317 1776 G..‘

269 1861 335 1947 (Of.
360 1862 466 1945 Kern,
490 1863 510 1926 1.
536 1885 562 1928 o.
586 1887 618 1947 p.
645 1867 696 1944 el,
721 1864 777 1929 ubi
801 1863 896 1928 Diels
919 1864 1053 1929 lacunas
1077 1865 1123 1928 ita
1147 1863 1317 1947 explevitlz

271 1966 468 2053 [ἐπιθέσθαι
506 1967 737 2055 (laurescham
776 1971 945 2036 maluerim
983 1972 1073 2036 nisus
1111 1971 1240 2035 Philod.
1277 1969 1353 2035 ibid.

180 2075 246 2140 tab.
265 2078 317 2159 60,
337 2080 377 2141 10
395 2079 449 2156 ss.)
474 2085 612 2164 Τυφῶνα
628 2075 799 2162 εἰρῄ]κα[σι
815 2086 854 2164 τῇ
868 2077 1025 2164 βασιλείᾳ]
1045 2075 1133 2154 Διός,
1160 2070 1216 2162 [ὦς
1232 2075 1355 2158 Αἰσχύ-

180 2181 244 2267 λος]
278 2179 310 2246 ἐν
334 2183 518 2269 Προῇιιηθεῑ
548 2187 591 2267 (v.
622 2187 682 2248 351
711 2188 766 2266 se.)
790 2185 844 2248 καὶ
873 2177 1149 2270 Ἀ1κουσίλα1ος
1171 2185 1226 2248 καὶ
1249 2175 1353 2269 Ἔτει-1

179 2273 319 2376 pterirlplg
341 2290 396 2353 καὶ
419 2283 520 2376 ἄλλοι]
547 2291 681 2356 πολλοὶ.
698 2339 704 2355 .
720 2341 749 2358 ..
793 2359 794 2362 ,

271 2431 373 2498 Cuius
398 2434 572 2517 fragmenti
590 2437 650 2499 etsi
667 2435 764 2499 leotio
781 2435 907 2499 ineerta
924 2440 981 2516 est,
1006 2441 1115 2498 tamen
1132 2434 1264 2499 dubium
1289 2455 1355 2498 non

184 2546 241 2614 est,
267 2541 344 2622 quin
369 2549 596 2623 argumentum
627 2548 715 2606 reete
740 2541 834 2606 Diels
865 2542 1060 2606 restituerit:
1092 2541 1178 2624 quod
1207 2542 1355 2625 inprimis

182 2645 375 2712 confirmant
398 2647 557 2713 linearum
583 2650 787 2732 sequentium
811 2644 951 2712 frustula
976 2647 1082 2711 adhue
1107 2655 1251 2714 servata:

185 2761 301 2840 Τυφων
304 2803 403 2824 .....
430 2753 509 2831 Διὸς
529 2805 624 2824 .....
652 2755 838 2840 [βα]σίλειον
860 2805 955 2821 .....
982 2747 998 2817 ὁ
1022 2753 1100 2832 Ζεὺς
1119 2804 1216 2822 .....
1239 2756 1356 2838 Pugna

181 2860 268 2924 inter
287 2860 400 2925 Iovem
426 2862 682 2944 Typhonemque
707 2862 890 2944 disceptata
913 2863 978 2925 iam
1003 2869 1076 2925 ante
1100 2861 1293 2926 Acusilaum
1318 2883 1357 2924 ex

183 2967 367 3053 theogoniae
384 2968 604 3034 fundamentis
621 2970 692 3052 fuit,
717 2970 839 3052 quippe
856 2991 929 3033 cum
947 2977 979 3032 et
995 2971 1028 3032 in
1044 2968 1183 3032 Homeri
1208 2969 1357 3032 carmini-

183 3073 243 3137 bus
272 3095 343 3138 eam
375 3075 577 3140 inveniamus
610 3075 652 3158 (B
679 3079 738 3142 781
767 3073 824 3160 ss.)
856 3083 889 3139 et
911 3075 1078 3139 Hesiodus
1111 3073 1185 3160 (Th.
1211 3077 1275 3138 820
1300 3073 1357 3157 ss.)

182 3181 440 3263 praeclarissimis
471 3183 578 3247 verbis
610 3205 680 3247 eam
705 3183 897 3247 narraverit.
947 3180 1153 3265 Quamquam
1179 3183 1264 3245 enim
1288 3181 1357 3244 haec

183 3287 380 3372 Theogoniae
405 3312 491 3372 pars,
524 3291 653 3372 qualem
676 3311 763 3355 nune
787 3289 933 3371 legimus,
967 3288 1204 3352 recentioribus
1228 3289 1357 3352 demum

183 3396 383 3479 temporibus
408 3397 542 3460 carmini
563 3399 687 3462 inserta
703 3396 808 3480 est,³⁵)
832 3403 942 3460 tamen
958 3395 1117 3460 Acusilao
1141 3395 1203 3458 hoc
1228 3395 1357 3476 egregio

184 3503 330 3586 exemplo
355 3504 403 3568 uti
427 3504 528 3570 licuit.

272 3753 305 3823 3¹)
325 3756 363 3805 Cl.
376 3770 419 3806 ex.
434 3769 472 3818 gr.
487 3755 607 3804 Hecataei
621 3755 687 3818 srgg.
709 3753 758 3806 227
779 3751 832 3805 ‘255
850 3752 1037 3805 3011318351
1058 3752 1119 3817 (eur
1138 3767 1192 3800 non
1213 3753 1360 3814 suppletur

183 3842 385 3914 ἡρωολογίᾳῖ),
406 3845 487 3893 Acus,
508 3844 556 3906 lrg.
576 3843 618 3894 12.

272 3931 478 3997 ³⁵)Wi1am0w.
507 3933 568 3982 Eur.
596 3932 700 3983 11811ι
727 3948 752 3995 p.
772 3931 832 3995 327,
859 3930 920 3992 116,
949 3931 985 3980 io.
1006 3928 1190 3990 1227112811,
1218 3930 1303 3979 addit.
1324 3931 1359 3978 ad

184 4020 252 4073 1271
274 4037 295 4072 s.
317 4051 345 4057 —
365 4023 547 4084 Antiquorum
567 4023 615 4084 qui
635 4023 707 4070 hanc
727 4021 849 4070 fabulam
868 4024 1022 4069 tractarunt
1041 4024 1176 4081 praeterea
1196 4019 1359 4067 nominandi

185 4117 250 4160 sunt
269 4113 363 4175 hymn.
383 4112 462 4162 Hom.
482 4111 510 4158 in
530 4112 578 4172 Ap.
598 4112 626 4159 P.
648 4110 697 4160 127
719 4125 757 4160 ss
779 4108 844 4171 1893
864 4109 1014 4171 Pherecyd.
1036 4092 1084 4170 lug.
1106 4107 1153 4170 143
1174 4108 1251 4155 Piud.
1273 4105 1304 4154 Ο.
1327 4107 1360 4155 lv

184 4199 202 4251 8
221 4215 259 4249 ss.
280 4202 308 4249 P.
330 4201 340 4248 Ι
360 4199 407 4261 16;
428 4200 526 4249 Aesch.
547 4200 637 4250 Prom.
656 4198 707 4251 351
726 4213 764 4249 ss,
786 4227 813 4234 —
834 4198 1035 4260 compendium
1048 4211 1160 4259 quoque
1173 4196 1243 4244 illud
1257 4197 1360 4257 mytho-

185 4291 304 4352 logieum
320 4289 401 4351 primi
420 4304 445 4337 a.
461 4289 522 4338 Chr.
537 4304 563 4340 n.
584 4289 681 4337 saeouli
700 4289 773 4336 hanc
792 4287 915 4336 fabulam
934 4287 1091 4349 praebuisse
1110 4300 1145 4334 ex
1159 4285 1282 4347 Apollod.
1302 4283 1359 4334 141

185 4382 212 4427 et
232 4379 308 4427 Diod.
330 4379 350 4428 V
370 4376 412 4436 71,
433 4377 450 4427 2
470 4392 492 4426 s,
513 4382 636 4438 apparet.
