3376 5178
810 411 1032 473 ..10-

423 606 476 670 De
494 605 637 671 Theonis
661 610 831 669 stemmate
856 626 920 669 non
945 604 1107 688 estquod
1132 602 1373 690 dubitemusffit
1401 603 1458 684 At,
1484 605 1511 669 si

333 715 407 796 quis
424 714 515 777 illum
530 735 571 777 ne
587 711 728 777 Hesiodi
753 711 884 794 quidem
900 712 1086 795 opinionem
1102 717 1253 776 accurate
1270 711 1416 795 proferre
1435 733 1509 776 con-

333 820 458 902 tendat,
484 820 514 884 ei
538 818 774 883 obvertendum
799 825 859 896 est,
884 825 942 883 aut
964 817 1103 883 sortasse
1121 818 1267 883 scholion
1287 840 1306 882 a
1330 819 1510 901 posteriore

333 927 474 1009 quodam
501 931 690 1009 excerptore
715 925 924 1008 indiligenter
940 925 1095 990 traditum
1120 931 1187 1006 aut,
1212 925 1387 1008 quodiam
1411 947 1511 1008 supra

333 1034 453 1115 monui,
480 1040 606 1098 veteres
629 1032 736 1097 locum
754 1031 952 1115 Theogoniae
969 1032 1146 1096 Hesiodea
1170 1033 1268 1096 variis
1284 1030 1389 1096 modis
1412 1033 1512 1097 inter-

332 1144 481 1222 pretatos
506 1161 586 1204 esse.

423 1247 619 1311 Damascius
637 1267 671 1311 se
688 1245 837 1310 Acusilai
852 1266 935 1328 opus
950 1267 1016 1309 non
1032 1245 1212 1328 inspexisse
1230 1245 1288 1310 sed
1305 1267 1344 1308 ex
1359 1245 1509 1310 Eudemo

332 1351 525 1418 Aristotelis
550 1353 709 1437 discipulo
733 1353 880 1417 hausisse
904 1353 973 1436 ipse
998 1352 1136 1418 fatetur:
1175 1350 1257 1416 κατὰ
1280 1350 1340 1440 τὴν
1362 1343 1510 1440 Εὗόήμου

333 1458 488 1546 ἱστορίαν.
520 1459 797 1544 Neoplatonioum
819 1480 897 1524 vero
922 1481 981 1525 sua
1005 1466 1120 1542 sponte
1145 1460 1229 1524 sicut
1253 1459 1318 1524 aha
1340 1461 1388 1524 ita
1412 1458 1510 1544 Cupi·

332 1567 417 1632 dinis
440 1574 594 1651 parentes
617 1567 750 1632 finxisse
774 1568 841 1632 veri
866 1575 916 1632 est
932 1566 1190 1646 dissimillimum,
1216 1568 1336 1650 quippe
1357 1588 1430 1630 cnm
1445 1569 1509 1631 iam

332 1672 523 1758 Antagoras
559 1673 754 1739 Crantorem
786 1681 918 1739 secutus
949 1673 1034 1739 hanc
1064 1674 1289 1756 genealogiam
1318 1675 1530 1757 respexerit‚.

332 1786 445 1844 notum
476 1782 577 1864 igitur
606 1781 705 1846 fuerit
735 1781 798 1846 hoc
831 1787 966 1846 stemma
998 1781 1063 1844 iam
1086 1781 1180 1844 initio
1205 1782 1294 1844 tertii
1318 1803 1348 1846 a.
1374 1779 1452 1845 Chr.
1477 1803 1508 1845 n.

332 1889 499 1974 saeculi.¹³)
535 1888 725 1973 Antagoras
741 1910 840 1952 unum
856 1887 968 1969 filium,
991 1895 1059 1953 tres
1075 1887 1196 1952 liberos
1212 1887 1408 1953 Damascius
1425 1910 1511 1952 com-

333 2002 500 2061 memorat.
548 1996 667 2078 Itaque
691 1996 734 2076 id,
760 1995 848 2079 quod
871 2002 939 2060 tres
963 1995 1079 2060 Noctis
1100 1995 1266 2078 Erebique
1290 1995 1385 2060 liberi
1407 1998 1509 2060 nonii·

331 2111 464 2191 nentur,
488 2102 699 2167 Damascium
716 2103 861 2166 indicare
878 2100 1059 2184 videtur.¹⁴)
1091 2105 1187 2171 Certe
1211 2124 1276 2166 non
1293 2104 1411 2186 omnia,
1435 2125 1508 2186 quae

332 2209 394 2275 hoc
418 2210 588 2276 Damascii
618 2210 690 2274 loeo
714 2210 877 2292 leguntur,
908 2207 1101 2274 Acusilaum
1135 2221 1284 2293 spectare
1306 2211 1371 2274 iam
1395 2231 1435 2275 ex
1458 2231 1509 2274 ra-

332 2319 422 2382 tione
446 2323 593 2400 apparet,
626 2338 690 2399 qua
712 2316 853 2382 Hesiodi
885 2317 1081 2381 sententiam
1104 2317 1202 2399 paulo
1227 2324 1325 2381 antea
1347 2317 1508 2399 prolatam

332 2424 418 2488 idem
436 2423 632 2488 Damascius
648 2423 868 2506 amplificavit.
897 2421 963 2488 Sed
986 2423 1065 2506 quid
1080 2429 1200 2506 praeter
1217 2421 1389 2506 Cupidinis
1413 2430 1508 2488 stem·

331 2552 386 2594 ma
409 2551 524 2595 revera
546 2530 695 2595 Acusilai
720 2531 771 2610 sit,
798 2531 898 2595 statui
921 2531 1044 2614 nequit.

422 2636 550 2721 Quibus
578 2638 749 2721 perpensis
772 2638 901 2702 iamiam
931 2658 1003 2719 quae
1028 2659 1152 2701 summa
1177 2637 1218 2701 sit
1241 2638 1289 2701 rei
1313 2659 1507 2720 quaeramus

333 2743 459 2810 Chaum
484 2745 625 2808 omniurn
643 2767 753 2808 rerum
769 2744 982 2827 primordium
998 2741 1174 2808 Acusilaus
1198 2743 1325 2812 habuit:
1350 2745 1411 2809 hoc
1434 2767 1508 2827 pro-

332 2850 413 2915 bant
442 2851 655 2916 Philodemus
687 2850 957 2932 Damasciusque.
1004 2849 1144 2915 Noctem
1169 2849 1340 2932 Cupidinis
1370 2859 1507 2915 matrem

333 2957 433 3022 fuisse
465 2958 667 3022 contendunt
692 2957 805 3022 Theon
830 2963 865 3021 et
887 2957 1065 3022 Eudemus.
1113 2957 1285 3020 Hactenus
1315 2958 1394 3022 satis
1417 2965 1508 3022 certa

300 3135 303 3140 ¹
332 3065 384 3128 via
407 3066 639 3148 processimus3
664 3064 721 3128 sed
745 3065 809 3128 iam
833 3065 865 3127 in
885 3062 1058 3148 Cupidinis
1082 3065 1185 3146 patris
1208 3064 1338 3128 nomine
1364 3065 1507 3129 eruendo

332 3171 522 3236 diiudicatio
546 3171 642 3254 plane
667 3177 758 3235 certa
781 3192 846 3235 non
870 3171 977 3236 datur.
1012 3171 1137 3235 Tamen
1153 3170 1302 3235 Platonis
1327 3173 1507 3236 auctoritas

331 3277 433 3342 dubia
449 3278 500 3342 vel
517 3279 615 3343 etiam
631 3276 731 3342 infida
755 3285 853 3361 atque
870 3278 1011 3342 Eudemi
1035 3300 1108 3342 cum
1123 3277 1297 3361 Antagora
1314 3276 1507 3364 (Crantore)

331 3406 511 3450 consensus
535 3384 646 3471 (immo
664 3384 704 3451 cf.
722 3383 803 3448 Hes.
822 3384 882 3448 Th.
902 3389 979 3469 123)
1005 3385 1157 3465 efficiunt,
1182 3391 1218 3448 ut
1241 3406 1306 3449 non
1330 3385 1508 3448 abhorreat

331 3513 352 3556 a
367 3513 418 3556 me
443 3493 607 3556 sent-entia
622 3491 813 3556 Acusilaum
837 3491 984 3556 Erebum
1000 3489 1154 3575 Cupidini
1175 3491 1302 3556 dedisse
1326 3489 1507 3575 patremffi)

421 3741 454 3809 12)
475 3744 513 3793 Cf.
528 3741 590 3791 Otto
605 3742 687 3802 Rern,
707 3743 746 3792 De
760 3741 861 3806 Orphei
875 3743 1046 3806 Epimenidis
1066 3742 1233 3806 Pherecydis
1246 3743 1402 3805 theogoniis
1417 3757 1506 3805 qums-

331 3835 422 3884 tiones
441 3835 553 3895 criticae,
574 3836 663 3887 Berol.
684 3832 753 3886 1888
772 3848 797 3895 p.
817 3832 842 3885 6.

421 3922 453 3986 13)
473 3925 583 3975 Wilam.
602 3926 619 3973 l.
640 3938 664 3974 c.
683 3938 708 3986 p.
723 3923 757 3976 69
771 3937 794 3972 s.
822 3924 861 3974 Cl.
882 3922 1001 3990 Schoem.
1021 3923 1040 3970 l.
1055 3937 1079 3976 c.
1093 3937 1119 3985 p.
1139 3919 1173 3973 78
1189 3936 1212 3972 s,
1238 3922 1402 3980 Kalkmann‚
1424 3922 1506 3972 Pons,

331 4028 357 4076 p.
378 4011 428 4066 20?
449 4028 472 4063 s,

421 4099 455 4166 14)
476 4103 514 4152 cf.
535 4103 615 4152 Arist.
635 4103 681 4152 hv.
702 4101 755 4154 692
774 4105 820 4152 ss.'
835 4102 928 4167 (Kern,
950 4102 966 4150 l.
987 4115 1009 4150 e.
1029 4115 1055 4163 p.
1074 4099 1128 4164 50).

420 4187 452 4254 1⁵)
473 4192 542 4241 Cum
561 4197 589 4241 et
601 4194 629 4240 in
650 4194 809 4241 scholiastae
823 4191 976 4241 Theocritei
995 4195 1022 4239 et
1039 4191 1067 4238 in
1081 4189 1220 4238 Damasoii
1233 4189 1396 4252 genealogia
1407 4186 1506 4256 Αἰθήρ

330 4281 447 4343 legatur,
468 4282 506 4330 ita
525 4282 653 4331 fortassis
673 4281 811 4330 scholium
824 4280 1017 4329 Theocriteum
1036 4279 1174 4342 corrigere
1186 4278 1291 4327 licebit:
1313 4274 1507 4341 Ἀκουσίλαος

331 4357 441 4470 intpp}
461 4351 676 4467 app-anpapvg
696 4370 741 4433 ὡς]
762 4369 809 4420 και
828 4366 935 4436 arsag
955 4368 972 4432 i.
