3376 5178
777 435 996 497 -70..

301 627 377 692 Non
402 629 471 691 sine
496 626 586 710 gravi
617 647 716 690 causa
739 625 862 691 factum
893 648 964 690 esse
989 627 1071 704 dico,
1106 637 1142 692 ut
1166 627 1343 694 Hesiodus.
1376 651 1471 712 quem

303 736 478 818 saepissime
509 735 648 817 posteris
672 733 795 799 fontem
826 733 926 798 fuisse
957 741 1095 811 constat,
1127 735 1159 798 in
1189 736 1260 817 ipso
1284 736 1346 800 hoc
1377 745 1472 800 stem-

302 850 388 906 mate
411 841 508 924 plane
536 840 759 922 praeteriretur
790 847 822 903 et
852 840 1069 921 ignoraretur.
1116 839 1279 906 Summam
1312 850 1473 926 praeterea

302 951 328 1012 si
352 947 476 1013 tuearis
491 945 773 1031 necessitudinem,
798 968 864 1028 qua
879 945 1056 1012 Acusilaus
1078 947 1150 1012 aliis
1169 949 1202 1010 in
1219 947 1338 1013 fabulis
1354 950 1473 1012 Hesio·

303 1056 378 1120 dum
402 1055 557 1138 attigerit,
590 1059 624 1118 et
646 1053 803 1136 respicias
826 1075 922 1136 quarn
945 1053 1041 1118 facile
1065 1076 1142 1118 casu
1167 1075 1285 1119 nomen
1309 1057 1472 1138 corrumpi

301 1162 455 1245 potuerit,
486 1181 550 1224 non
586 1160 655 1223 sine
683 1181 782 1224 causa
815 1159 989 1225 concludes
1021 1160 1182 1246 (quamris
1217 1161 1360 1244 alioquin
1392 1162 1471 1226 utile

301 1289 365 1333 non
391 1269 433 1334 sit
456 1266 663 1351 genealogias
690 1265 830 1331 traditas
854 1265 1008 1350 abicere),
1039 1269 1286 1350 grammaticum
1309 1268 1471 1351 quendam

301 1375 352 1439 rel
376 1374 583 1440 scholiastam
614 1374 785 1456 antiquum
807 1375 916 1438 nescio
950 1394 1013 1457 quo
1038 1395 1148 1439 errore
1172 1375 1365 1458 perductum
1389 1374 1471 1440 falso

302 1482 525 1547 Phorbantem
553 1486 679 1564 patrem
703 1480 896 1563 appellasse,
927 1480 1003 1545 olim
1033 1481 1134 1562 igitur
1163 1482 1329 1545 nominum
1354 1481 1472 1547 discre-

301 1589 445 1673 pantiam
480 1608 545 1652 non
581 1587 752 1654 exstitisse.
800 1584 897 1670 Quod
932 1586 1107 1652 scholiasta
1138 1587 1260 1652 diserte
1292 1590 1471 1656 sententias

302 1695 483 1760 contrarias
507 1696 592 1759 inter
616 1715 650 1758 se
675 1694 836 1778 opposuit,
860 1693 982 1758 nullius
998 1701 1048 1758 est
1063 1697 1228 1773 momenti,
1253 1696 1374 1778 quippe
1399 1719 1470 1760 cum

301 1802 463 1884 cognitum
488 1822 554 1866 non
577 1799 765 1878 habeamus,
796 1800 926 1883 quando
951 1822 1043 1865 error
1065 1801 1098 1864 in
1122 1800 1346 1885 genealogiam
1370 1803 1472 1886 irrep-

302 1911 390 1978 serit.
415 1946 459 1955 —
482 1907 560 1991 Frg.
579 1911 611 1972 7:
636 1907 814 1972 Acusilaus
830 1909 948 1990 partim
964 1907 1149 1973 Hesiodum
1166 1916 1296 1973 secutus
1314 1918 1374 1991 est,
1398 1932 1472 1992 par-

300 2018 359 2080 tim
381 2016 415 2079 in
438 2015 621 2080 Homerum
643 2015 779 2079 inclinat
802 2014 846 2099 (r.
870 2036 902 2097 p.
929 2018 968 2079 17
994 2017 1042 2098 s).
1068 2052 1110 2064 -
1133 2015 1212 2100 erg.
1233 2019 1288 2078 ll:
1313 2013 1364 2079 Cf.
1389 2016 1470 2081 Hes.

302 2124 362 2190 Th.
388 2126 468 2205 2703
500 2122 694 2187 Hidotheam
724 2143 802 2186 vero
827 2121 914 2204 apud
944 2129 1073 2206 poetam
1097 2143 1163 2187 non
1187 2121 1470 2205 deprehendimus.

302 2268 344 2276 -
367 2229 444 2314 Frg.
473 2232 526 2293 13:
559 2230 670 2293 Etiam
694 2249 733 2292 ex
756 2226 896 2292 Hesiodi
919 2236 1028 2293 mente
1060 2228 1184 2312 aliquid
1208 2249 1248 2293 ex
1271 2227 1377 2294 Urani
1401 2251 1471 2294 cru·

302 2338 367 2402 oris
390 2337 491 2419 guttis
516 2337 605 2400 nasci
627 2341 758 2419 poterat
781 2335 857 2418 (Th.
877 2337 938 2399 183
956 2340 1026 2419 ss.)3
1051 2356 1089 2400 eo
1113 2341 1223 2400 autem
1247 2336 1335 2419 quod
1351 2335 1469 2401 Acusi-

301 2444 372 2509 laus
401 2444 558 2508 Phaeaces
590 2463 717 2526 quoque
752 2441 829 2506 inde
863 2442 1022 2526 originem
1056 2442 1186 2507 duxisse
1221 2444 1367 2507 narravit
1401 2443 1471 2528 (qui

300 2559 410 2616 tamen
434 2551 475 2615 ab
499 2549 637 2614 Hesiodi
663 2547 861 2632 Gigantibus
891 2569 957 2612 non
988 2548 1084 2632 plane
1108 2549 1205 2614 alieni
1236 2549 1336 2615 fuisse
1360 2550 1470 2615 riden-

301 2656 440 2744 tur)‚¹⁶¹)
475 2663 604 2741 poetam
636 2656 794 2720 dilatavit.
842 2656 1057 2719 Enuntiatum
1089 2657 1176 2720 enim
1206 2657 1294 2740 quod
1325 2658 1472 2739 sequitur

301 2764 440 2830 Hesiodi
465 2763 596 2828 exhibet
620 2764 814 2846 opinionem,
832 2785 929 2846 quam
947 2765 1045 2828 etiam
1059 2761 1208 2827 Acusilai
1224 2761 1326 2828 fuisse
1339 2764 1421 2828 illud
1438 2763 1471 2828 δὲ

301 2895 365 2936 non
381 2878 470 2936 vetat
487 2871 630 2954 cogitare
642 2870 676 2933 in
689 2868 811 2935 scholio
824 2877 891 2935 tam
904 2871 1021 2935 misere
1035 2877 1181 2934 consuto.
1207 2870 1284 2934 lure
1297 2871 1397 2953 igitur
1409 2891 1469 2954 pro

302 2978 331 3044 ol
355 2978 389 3044 δὲ
411 2986 516 3063 poetae
532 2999 650 3043 nomen
667 2977 899 3061 supplebimus,
925 2998 995 3041 cum
1014 2977 1163 3057 semmua,
1188 2999 1284 3059 quam
1302 2984 1373 3042 arte
1397 2998 1472 3041 auc-

300 3096 388 3151 tores
411 3087 498 3151 inter
521 3107 555 3150 se
580 3085 775 3150 cohaereant.
800 3122 844 3131 —
867 3084 945 3165 Frg.
963 3087 1020 3148 20:
1045 3083 1155 3147 Patris
1172 3106 1289 3147 nomeu
1306 3084 1390 3148 idem
1416 3107 1469 3148 ex-

300 3195 427 3276 hibent3
459 3192 498 3256 de
523 3199 626 3257 matre
652 3190 814 3257 differunt.
848 3229 890 3236 -
922 3191 999 3272 Frg.
1025 3194 1082 3254 21:
1115 3188 1202 3272 Quid
1227 3190 1307 3254 illud
1331 3189 1370 3254 τὰ
1395 3192 1471 3276 περὶ

302 3311 395 3365 deva.
410 3299 466 3362 καὶ
482 3308 520 3363 Π.
539 3299 599 3362 sibi
615 3298 704 3380 velit,
728 3319 759 3380 p.
778 3301 818 3361 34
844 3298 988 3378 exposui.
1020 3296 1103 3360 Haec
1127 3297 1226 3380 igitur
1244 3299 1341 3360 etiam
1358 3304 1470 3363 nostro

300 3405 532 3474 adscribamus.
579 3404 709 3469 Primus
741 3425 816 3468 vero
840 3403 1074 3468 Deucalionem
1099 3410 1132 3468 et
1156 3403 1316 3486 Pyrrham
1344 3403 1470 3487 lapides

299 3514 460 3579 iactantes
482 3513 570 3576 viros
596 3518 630 3576 et
654 3510 808 3574 mulieres
833 3512 1004 3591 creavisse,
1036 3508 1212 3596 (expressis
1237 3517 1325 3574 certo
1349 3511 1470 3597 verbis)

299 3640 449 3684 narrasse
465 3619 604 3682 videtur.
631 3654 671 3663 -
696 3615 773 3699 Frg.
792 3620 848 3681 24:
866 3617 1090 3694 Euantiatum,
1107 3617 1195 3699 quod
1213 3615 1360 3682 Acusilai
1377 3619 1469 3682 testi-

299 3727 441 3791 monium
472 3725 646 3802 antecedit,
678 3722 859 3788 Hesiodum
891 3730 1039 3806 spectare
1069 3724 1275 3788 commendat
1308 3724 1408 3790 schol.
1440 3724 1470 3788 L

300 3831 401 3916 Soph.
433 3832 485 3901 El.
502 3834 566 3896 539
583 3831 676 3913 (Hes.
702 3830 761 3913 frg.
780 3828 845 3914 99).
893 3829 1053 3895 Nostrum
1075 3831 1109 3894 in
1134 3831 1251 3895 ceteris
1275 3851 1348 3894 cum
1372 3836 1470 3912 poeta

300 3940 514 4019 concinuisse,
526 3939 559 4002 in
569 3937 799 4021 Megapenthis
811 3957 887 4001 vero
898 3943 1067 4002 stemmate
1081 3938 1122 4002 ab
1135 3937 1191 4002 illo
1202 3937 1389 4002 discessisse
1403 3940 1470 4002 veri

299 4054 350 4110 est
372 4045 578 4110 simillimum.
607 4081 642 4091 -
669 4042 738 4127 Frg
773 4045 829 4108 25:
855 4043 1029 4108 Acusilaus
1053 4045 1209 4126 quamvis,
1235 4043 1322 4126 quod
1346 4043 1386 4106 ad
1411 4043 1471 4107 flu-

388 4185 432 4252 ¹⁵¹)
452 4189 585 4252 Odysseae
608 4188 737 4252 Gigantes
764 4188 897 4251 Cyclopes
918 4188 1049 4238 Phaeaces
1076 4189 1104 4237 in
1129 4202 1214 4237 unam
1241 4193 1324 4250 atque
1351 4187 1469 4236 eandem

300 4280 460 4330 referendos
485 4293 549 4328 esse
574 4279 695 4328 classem
722 4277 922 4333 demonstrarit
949 4277 1141 4326 Preller-Roh.
1161 4277 1179 4327 l.
1198 4278 1216 4325 l.
1237 4291 1262 4338 p.
1282 4275 1332 4327 621
1354 4290 1392 4324 se.
1431 4275 1470 4325 Cf.

301 4370 389 4432 llberg
408 4382 450 4431 ap.
472 4368 571 4419 Rosch.
591 4381 615 4421 s.
635 4382 660 4418 v.
680 4366 814 4429 Giganteo
833 4381 859 4432 p.
881 4364 959 4417 1639.
