3376 5178
786 427 917 493 „38
974 467 1007 476 .-

396 622 540 687 Taurum
565 624 620 706 qui
645 624 811 706 Europam
836 622 969 689 Cretam
999 625 1032 688 in
1057 624 1196 689 insulam
1224 623 1378 708 portabat
1409 647 1483 689 oum

306 728 361 793 illo
387 727 520 794 Cretam
545 737 694 796 vastante
719 737 817 813 atque
842 731 883 795 ab
899 730 1045 794 Hercule
1070 731 1192 796 domito
1216 731 1394 796 Acusilaus
1417 733 1480 816 pri-

307 859 378 900 mus
403 837 607 901 coniunxisse
631 837 771 901 videtur.
809 836 910 902 Suum
935 838 1019 901 enim
1044 843 1125 922 erat,
1150 838 1270 921 ubique
1295 845 1482 903 contextum

307 951 406 1026 atque
437 944 712 1008 continuationem
746 943 888 1008 efficere:
921 942 962 1008 cf.
986 943 1046 1026 srg.
1072 947 1091 1008 5
1119 948 1158 1008 13
1186 949 1224 1011 17
1250 948 1291 1010 23
1318 948 1370 1009 39.
1417 943 1483 1008 Ao-

308 1050 395 1114 oedit
412 1050 499 1133 quod
523 1051 643 1132 optime
663 1049 706 1114 ad
727 1052 870 1116 auctoris
895 1051 1054 1115 rationem
1071 1050 1307 1136 consiliumque
1332 1052 1481 1135 quadrat,

307 1157 419 1221 lovem
442 1178 507 1221 non
537 1158 642 1240 ipsum
666 1158 700 1220 in
724 1163 854 1222 taurum
887 1163 1047 1222 mutatum
1079 1158 1228 1240 rapuisse
1259 1166 1400 1223 amatam
1424 1157 1483 1221 sed

307 1265 433 1328 misisse
449 1269 588 1342 taurum,
607 1265 662 1347 qui
674 1263 859 1347 raperetffl)
877 1264 952 1328 Hac
968 1265 1002 1327 in
1018 1285 1053 1328 re
1070 1264 1112 1329 ab
1128 1264 1276 1329 Hesiodo
1294 1265 1482 1330 discessisse

307 1369 489 1453 videtur.⁵⁰)

396 1477 444 1542 At
468 1486 576 1543 tamen
594 1476 743 1543 Acusilai
767 1500 832 1542 non
856 1501 922 1542 una
938 1484 1046 1544 exstet
1070 1485 1167 1562 atque
1192 1478 1274 1542 bene
1292 1484 1483 1559 comparata

307 1584 453 1649 historia.
487 1584 623 1649 Lacuna
640 1587 723 1649 hiat:
749 1586 911 1669 quomodo
929 1587 1013 1649 enim
1037 1585 1109 1650 fieri
1133 1586 1249 1669 potuit,
1274 1591 1311 1650 ut
1334 1585 1482 1668 placidus

308 1699 421 1756 taurus
445 1692 613 1774 Europam
645 1693 776 1775 rapiens
809 1693 915 1757 subito
948 1692 1072 1757 fureret
1100 1699 1198 1776 atque
1224 1691 1356 1757 Cretam
1388 1691 1482 1756 deva·

309 1800 433 1864 staret?
478 1799 660 1864 Notissima
695 1806 767 1864 erat
797 1798 909 1863 fabula
940 1821 1012 1882 quae
1033 1800 1206 1879 narrabat,
1235 1799 1381 1864 Minoem
1410 1820 1482 1863 oum

307 1905 422 1969 bovem
446 1913 582 1988 propter
598 1905 874 1989 pulchritudinem
891 1906 1059 1970 immolare
1077 1906 1235 1971 noluisset
1252 1928 1384 1971 causam
1400 1927 1480 1989 pra-

307 2013 416 2077 buisse
440 2011 646 2093 calamitatis,
678 2033 784 2095 neque
813 2011 922 2077 lacere
952 2034 1085 2095 possum
1116 2013 1194 2095 quin
1221 2013 1373 2077 Acusilao
1396 2012 1482 2077 hanc

309 2141 440 2184 causam
464 2119 617 2184 tribuam.
657 2118 780 2183 Tamen
805 2125 910 2183 restat
934 2119 1116 2183 difficultas.
1155 2117 1236 2203 Quis
1260 2120 1375 2184 bovem
1398 2140 1483 2182 mao-

307 2227 371 2290 tari
395 2227 505 2309 iussit3
529 2225 697 2292 Vulcanus
722 2248 762 2290 an
787 2226 939 2308 iupiter?
972 2224 1006 2290 Si
1030 2224 1167 2308 Iupiter,
1192 2232 1374 2309 temporum
1397 2227 1482 2290 ratio

307 2340 340 2397 te
376 2331 530 2410 offendet,
570 2354 643 2397 cum
681 2333 826 2397 Minoem
867 2332 956 2397 Iovis
994 2333 1203 2416 Europaeque
1243 2333 1341 2397 fuisse
1381 2332 1482 2396 filium

308 2448 446 2508 constet.

395 2548 648 2612 Heraclidarum
667 2546 867 2632 genealogiis
884 2546 1102 2628 fragmentum
1119 2545 1255 2629 adposui
1273 2547 1391 2630 quippe
1409 2567 1482 2610 cum

306 2655 339 2719 in
363 2655 518 2720 Herculis
542 2655 638 2719 factis
663 2654 854 2718 enarrandis
885 2654 951 2717 sive
976 2653 1267 2717 commemorandis
1292 2653 1481 2717 Acusilaum

307 2762 423 2826 harum
447 2761 632 2826 fabularum
648 2762 845 2824 mentionem
862 2759 978 2823 secisse
1000 2757 1173 2842 fragmenti
1189 2766 1360 2823 contextus
1383 2768 1482 2841 atque

307 2869 390 2932 ratio
415 2868 585 2951 probabile
609 2867 737 2932 reddat.
769 2865 845 2930 Huc
869 2867 1034 2949 pertinent
1058 2866 1155 2929 etiam
1179 2865 1361 2949 fragmenta
1385 2866 1484 2930 dubia.

308 2978 349 3040 36
375 2981 408 3039 et
431 2979 484 3040 37.

395 3136 428 3202 ⁷⁹)
448 3139 486 3188 Cf.
508 3137 697 3187 Stesichorum
717 3137 810 3201 (Paua
832 3139 866 3186 IX
877 3138 902 3198 2,
923 3135 950 3204 3)
970 3138 996 3185 iu
1017 3137 1154 3186 Actaeonis
1174 3136 1276 3194 lalmla,
1298 3136 1407 3195 llobert,
1424 3135 1482 3182 [rito

307 3244 333 3277 u.
354 3229 418 3278 Lied
439 3243 455 3290 p
484 3225 527 3280 26.

395 3314 430 3382 ⁸⁰)
452 3312 1483 3381 lleS.lrg.30(Schol.llom.b1292l:,..ridla5evaavtbvet'gtaopor

307 3407 354 3458 καὶ
363 3406 420 3458 ἀπὸ
431 3411 479 3457 τοῦ
490 3405 628 3472 στόματος
641 3404 746 3473 κρόκον
753 3405 842 3454 ἔπνει.
855 3404 943 3467 οὕτως
953 3421 981 3453 τε
992 3404 1042 3470 τὴν
1055 3401 1201 3471 Εὐρώπην
1213 3402 1360 3468 ἀπατήσας
1368 3402 1483 3464 ἐβάστα-

307 3515 347 3560 oe,
356 3497 403 3547 καὶ
413 3492 651 3563 διαπορθμεύσας
659 3494 700 3557 εἰς
705 3491 826 3562 Κρήτην
831 3494 917 3561 ἐμίγη
926 3493 1005 3561 αὐτῇ.
1016 3493 1126 3541 Certum
1136 3492 1268 3540 iudicium
1277 3492 1343 3540 dare
1350 3506 1400 3540 nos
1409 3497 1481 3541 vetat

307 3573 1068 3651 ευῠεοῐίρϊίοὴἱστορίαπαρ’ἫσιόόῳκαὶΒακχυλίὁῃ.
1081 3609 1107 3615 -
1120 3581 1240 3629 Acusilai
1249 3581 1395 3640 sententia,
1407 3581 1482 3643 quod

306 3673 420 3736 quidem
439 3673 511 3722 hauc
531 3673 632 3721 tabulae
652 3676 758 3734 partem
772 3671 877 3728 attinet,
898 3671 981 3719 etiam
995 3670 1069 3730 apud
1082 3674 1209 3731 posteros
1224 3670 1367 3731 reperitur,
1388 3684 1482 3732 quam-

307 3763 349 3811 vis
369 3777 424 3810 non
444 3776 555 3824 semper
574 3776 619 3811 res
639 3762 721 3824 plano
736 3761 763 3808 in
777 3765 872 3822 aperto
893 3760 941 3808 sit:
964 3759 1025 3807 Eur.
1040 3756 1202 3822 „Phrixus“,
1224 3758 1272 3820 lrg.
1286 3756 1340 3809 820
1352 3755 1388 3806 Χῖ
1401 3758 1481 3821 (Erat.

307 3853 408 3901 Certast.
429 3849 484 3916 14).
524 3851 573 3916 (Cf.
593 3853 660 3915 llyg.
682 3852 756 3900 Poet.
778 3855 844 3900 astr.
863 3848 888 3908 2,
910 3848 943 3900 21
964 3863 990 3910 p.
1011 3845 1087 3912 469).
1125 3848 1202 3895 Diod.
1223 3848 1244 3896 V
1264 3846 1306 3908 78,
1328 3848 1357 3908 1;
1385 3849 1418 3898 lV
1437 3846 1481 3908 60,

307 3942 331 3994 2.
358 3941 447 3990 Germ.
467 3942 538 3989 Arat.
561 3942 653 3990 Phoen.
674 3938 727 3991 536
741 3953 793 4001 ss,;
816 3938 906 3987 Sebol.
921 3937 992 3986 brat.
1008 3937 1101 3986 Phaon.
1121 3935 1180 3988 167.
1201 3964 1235 3972 —
1255 3937 1360 3999 Siquis
1375 3938 1482 3986 scholio

306 4029 561 4087 ltrat.Pbreu.173,
582 4031 657 4092 quod
671 4030 826 4079 Vulcanum
846 4028 916 4090 patri
936 4031 1047 4075 taurum
1068 4027 1172 4075 ratione
1192 4027 1341 4088 praeditum
1360 4027 1482 4075 donasse

307 4123 398 4182 relert,
425 4121 463 4170 uti
484 4121 548 4169 velit
567 4124 597 4168 ut
616 4119 738 4168 Acusilai
759 4117 926 4167 sententiam
947 4116 1075 4176 illustret,
1100 4117 1124 4164 ei
1145 4116 1344 4165 obvertendum
1364 4121 1416 4174 est,
1437 4130 1483 4164 ros

306 4214 373 4262 olim
400 4215 544 4273 separatas
564 4224 580 4258 a
599 4209 752 4258 scholiasta
778 4209 892 4256 demum
913 4207 969 4270 (rel
991 4205 1109 4268 Nigidio)
1134 4204 1338 4266 conglutinatas
1358 4219 1432 4264 esse,
1453 4211 1481 4252 ut

306 4303 435 4352 evaderet
450 4300 567 4349 historia
585 4314 641 4348 una
655 4303 739 4362 atque
753 4298 898 4358 continua,
920 4295 1078 4358 smpissime
1092 4293 1164 4341 onim
1186 4294 1237 4341 boc
1258 4295 1340 4342 modo
1360 4294 1483 4361 ἱστορίαι

306 4392 519 4441 fabricabantur.
