3376 5178
796 403 1016 464 ..66-

319 593 438 668 dinem,
465 614 530 676 qua
554 614 627 657 cum
650 591 798 658 Hesiodo
824 591 955 658 Boeotio
985 601 1098 659 noster
1122 593 1314 659 coniunctus
1337 601 1418 674 erat,
1446 617 1503 661 ex·

319 699 466 783 plicaret.
530 696 603 782 Quo
643 700 828 764 accuratius
863 721 902 764 ac
939 699 1109 766 verbosius
1148 701 1317 784 scriptoris
1356 704 1499 786 patriam

319 806 517 891 proferebat,
536 827 574 871 eo
599 806 727 892 dignior
750 805 815 870 fide
839 827 910 872 esse
936 807 997 872 sibi
1022 807 1202 877 videbatur.
1250 807 1369 891 Itaque
1399 811 1501 874 mani·

320 914 439 979 festum
473 919 531 998 est,
566 911 700 980 Suidam
732 913 785 978 vel
815 909 891 978 eius
913 913 1034 978 fontem
1066 914 1119 978 hic
1144 913 1207 979 duo
1233 914 1321 979 dicta
1344 917 1501 981 contami-

318 1041 431 1086 nasse:
455 1018 580 1085 falsarii
604 1019 747 1085 fabulam
772 1019 812 1083 de
829 1018 978 1084 Acusilui
1001 1022 1108 1103 patria
1132 1019 1241 1084 fictam
1259 1029 1291 1085 et
1316 1023 1499 1105 antiquitus

322 1126 404 1190 illud
439 1127 597 1192 traditum
630 1116 835 1213 hpyerogstffl)
882 1124 1101 1210 Quamobrem
1133 1128 1384 1212 lexicographus
1419 1151 1500 1212 quo-

319 1255 383 1316 que
414 1233 572 1299 vocabulo
604 1223 741 1319 Ἀργεῖος
770 1233 836 1298 fixa
867 1232 971 1299 forma
1002 1234 1035 1298 in
1066 1234 1249 1299 litterarum
1279 1237 1498 1300 monumentis

320 1340 500 1423 antiquitus
532 1346 661 1406 servato
698 1347 731 1405 et
766 1363 805 1404 ex
840 1340 911 1423 ipso
947 1339 1096 1405 Acusilai
1132 1362 1229 1423 opere
1265 1341 1406 1408 fortasse
1443 1342 1498 1406 de·

320 1453 471 1531 prompto
502 1437 716 1529 (Ἀκουσίλαος
733 1441 871 1533 Ἀργεῖος
906 1436 966 1512 ὧδε
995 1451 1163 1529 μυθεῖται,
1194 1447 1234 1512 cf.
1267 1471 1299 1532 p.
1332 1450 1387 1532 61)
1419 1471 1499 1514 usus

322 1560 373 1618 est
397 1575 512 1638 neque,
545 1553 632 1636 quod
663 1555 766 1637 magis
790 1555 965 1635 arrisisset,
998 1553 1080 1619 dixit
1109 1545 1170 1618 ἄπ’
1187 1547 1315 1640 Ἄργους
1337 1562 1393 1642 τῆς
1416 1563 1500 1640 Κερ-

319 1658 418 1737 κάδσς
451 1661 502 1724 vel
538 1661 639 1725 simile
674 1661 762 1744 quid.
794 1661 862 1726 Res
894 1668 959 1726 tam
991 1660 1165 1726 manifesta
1197 1669 1257 1743 est,
1292 1670 1329 1726 ut
1360 1661 1500 1728 Acusi-

321 1767 424 1832 laum
448 1766 575 1851 Argos
599 1767 865 1850 Peloponnesi
888 1768 1057 1851 patriam
1081 1769 1305 1833 nominasse
1322 1789 1388 1833 non
1405 1768 1499 1833 dubi·

319 1882 385 1939 tem
414 1875 638 1959 pronuntiare,
675 1876 856 1957 praesertim
885 1896 957 1939 cunr
987 1897 1026 1938 ex
1053 1873 1244 1957 fragmentis
1276 1882 1398 1957 pateat,
1424 1898 1498 1941 eum

319 1980 517 2066 Argivorum
553 1980 651 2046 rebus
686 1981 816 2065 (nempe
849 1981 932 2068 Argi
966 1982 1253 2067 Peloponnesiaci)
1276 1983 1425 2066 inprimis
1450 1983 1497 2048 la-

320 2109 414 2152 visse.

410 2211 492 2295 Quae
517 2235 588 2277 cum
614 2214 661 2278 ita
685 2213 749 2276 sint
772 2213 860 2278 haud
878 2235 970 2278 secus
994 2235 1062 2276 rem
1087 2233 1121 2278 se
1145 2213 1266 2278 habere
1291 2215 1439 2296 suspicor
1463 2215 1498 2278 in

319 2320 423 2403 patris
438 2320 568 2385 nomine
585 2319 701 2385 allato:
726 2319 824 2403 Diog.
844 2320 957 2384 Laert.
976 2320 994 2383 I
1010 2322 1067 2383 41:
1087 2369 1138 2383 ...
1157 2317 1237 2384 ἔνιοι
1257 2323 1499 2404 προστιθέασιν

313 2418 515 2491 Ἀκουσίλαον
542 2425 649 2510 Κάβα
671 2421 690 2513 ἢ
744 2425 893 2511 Σκάβρα
921 2417 1079 2512 Ἀργεῖον.
1127 2425 1218 2494 Suid.
1244 2450 1268 2491 s.
1295 2449 1322 2491 v.
1347 2417 1499 2492 Ἀκουσι-

318 2533 408 2611 mog:
445 2531 553 2617 Κάβα
578 2532 655 2612 οἰός,
680 2525 827 2619 Ἀργεῖος
927 2533 1123 2598 Necessario
1148 2532 1407 2598 concludendum
1437 2542 1497 2615 est,

320 2646 377 2707 aut
402 2640 536 2706 Suidam
562 2640 597 2726 (i.
623 2663 651 2705 e.
677 2641 746 2705 eius
762 2639 898 2712 fonteml
923 2662 963 2704 ex
983 2638 1133 2722 Diogene
1158 2640 1305 2704 hausisse
1331 2647 1389 2706 aut
1419 2662 1499 2705 eun-

320 2747 393 2812 dem
414 2748 537 2812 fontem
560 2748 601 2812 iis
626 2747 760 2812 subesse
784 2753 919 2829 propter
942 2746 1087 2811 locorum
1112 2745 1366 2814 similitudinem.

408 2883 479 2947 Iam
504 2880 662 2946 Welclrer
694 2878 819 2944 (labam
850 2886 977 2963 patrem
1008 2903 1028 2946 a
1059 2881 1180 2945 seriore
1212 2881 1353 2963 quodam
1385 2881 1496 2947 fictum

320 3011 392 3057 esse
409 2989 593 3072 suspicatus
610 2994 692 3070 erat,
717 2988 772 3070 qui
794 3009 866 3052 cum
883 3007 1001 3051 novum
1018 3007 1099 3070 opus
1124 2987 1183 3052 sub
1200 2985 1350 3052 Acusilai
1366 2990 1497 3053 nomine

320 3097 442 3177 ederet,
475 3096 636 3179 exquisito
661 3095 723 3160 hoc
748 3095 850 3178 patris
878 3093 1008 3158 nomine
1033 3095 1159 3159 aurctori
1183 3116 1241 3159 suo
1266 3096 1497 3160 auctoritatem

318 3204 441 3269 addere
465 3203 630 3267 voluisset.
679 3200 752 3284 Quo
778 3223 850 3265 cnm
873 3201 942 3263 viro
968 3199 1064 3265 docto
1088 3207 1125 3264 ut
1148 3200 1267 3266 faciam
1287 3201 1433 3266 adducor
1458 3224 1497 3267 eo

320 3310 408 3396 quod
432 3310 521 3393 apud
545 3308 715 3374 Laertium
741 3308 923 3390 Diogenem
948 3307 1076 3372 demum
1100 3328 1216 3372 nomen
1233 3309 1328 3373 nobis
1352 3311 1497 3373 occurrit

319 3427 352 3484 et
377 3416 495 3483 Suidas
520 3417 581 3481 hac
605 3416 638 3479 in
663 3414 772 3498 glossa
795 3414 927 3479 minima
957 3412 1022 3478 fide
1047 3414 1161 3497 dignus
1186 3421 1243 3480 est.
1291 3415 1408 3499 Neque
1435 3416 1497 3481 dis·

319 3525 424 3591 sentio
447 3524 488 3589 ab
513 3521 695 3600 Hercher0,
722 3522 777 3605 qui
798 3528 904 3586 totum
921 3519 1031 3586 Suidae
1048 3522 1155 3586 locum
1171 3523 1373 3604 grammatici
1390 3524 1497 3588 cuius·

321 3633 394 3698 dam
414 3652 485 3697 esse
503 3637 535 3695 et
552 3651 624 3694 eam
641 3628 683 3694 ob
700 3651 768 3693 rem
792 3628 886 3692 nimis
911 3628 1084 3712 diligenter
1101 3628 1140 3692 de
1158 3626 1257 3693 Oabae
1282 3635 1315 3692 et
1339 3626 1497 3694 Cercadis

316 3741 484 3823 inquirere
508 3737 694 3803 nominibus
718 3736 834 3802 inutile
859 3757 929 3800 esse
955 3737 1091 3801 censuit.

407 3875 479 3942 Iam
497 3871 607 3939 Suidae
631 3872 741 3956 glossa
757 3871 854 3956 plane
871 3870 1013 3935 enodata
1030 3871 1163 3952 eiusque
1186 3871 1237 3935 vel
1260 3870 1359 3934 fontis
1376 3870 1497 3936 machi-

317 3982 506 4048 nationibus
532 3982 611 4046 satis
637 3979 779 4045 dilucide
809 3977 947 4042 detectis
978 3977 1078 4064 videa,
1108 3978 1161 4042 vix
1184 3985 1273 4042 recte
1298 3977 1496 4042 Muellerum

318 4089 434 4177 (FHG
457 4090 475 4153 I
499 4112 529 4173 p.
548 4088 744 4171 XXXVII)
768 4087 938 4152 iudicasse.
972 4086 1134 4170 Exposuit
1158 4085 1252 4165 enim,
1277 4105 1350 4150 cum
1373 4105 1495 4149 meram

317 4198 349 4263 id
385 4198 549 4265 fictionem
582 4219 653 4264 esse
683 4196 723 4261 ab
760 4196 847 4259 omni
881 4216 978 4260 sensu
1010 4193 1198 4258 destitutam
1234 4213 1254 4255 a
1288 4211 1378 4255 more
1414 4193 1496 4256 anti-
