<?xml version="1.0" encoding="UTF-8"?>
<!DOCTYPE html PUBLIC "-//W3C//DTD XHTML 1.0 Transitional//EN"
    "http://www.w3.org/TR/xhtml1/DTD/xhtml1-transitional.dtd">
<html xmlns="http://www.w3.org/1999/xhtml" xml:lang="en" lang="en">
 <head>
  <title>
</title>
<meta http-equiv="Content-Type" content="text/html;charset=utf-8" />
  <meta name='ocr-system' content='tesseract 3.04.00' />
  <meta name='ocr-capabilities' content='ocr_page ocr_carea ocr_par ocr_line ocrx_word'/>
</head>
<body>
  <div class='ocr_page' id='page_1' title='image "./deaeusilao00kordgoog_0083.png"; bbox 0 0 3376 5178; ppageno 0'>
   <div class='ocr_carea' id='block_1_1' title="bbox 805 409 1024 472">
    <p class='ocr_par' dir='ltr' id='par_1_1' title="bbox 805 409 1024 472">
     <span class='ocr_line' id='line_1_1' title="bbox 805 409 1024 472; baseline -0.009 -18"><span class='ocrx_word' id='word_1_1' title='bbox 805 409 1024 472; x_wconf 24' lang='lat' dir='ltr'><strong>..rga-</strong></span> 
     </span>
    </p>
   </div>
   <div class='ocr_carea' id='block_1_2' title="bbox 327 602 1501 792">
    <p class='ocr_par' dir='ltr' id='par_1_2' title="bbox 327 602 1501 792">
     <span class='ocr_line' id='line_1_2' title="bbox 327 602 1501 687; baseline 0.001 -20"><span class='ocrx_word' id='word_1_2' title='bbox 327 605 548 687; x_wconf 84' lang='lat' dir='ltr'><strong>pragmaticae.</strong></span> <span class='ocrx_word' id='word_1_3' title='bbox 580 604 697 686; x_wconf 85' lang='lat' dir='ltr'>Neque</span> <span class='ocrx_word' id='word_1_4' title='bbox 722 603 911 667; x_wconf 90' lang='lat' dir='ltr'><strong>historicum</strong></span> <span class='ocrx_word' id='word_1_5' title='bbox 936 623 993 666; x_wconf 89' lang='lat' dir='ltr'><strong>suc</strong></span> <span class='ocrx_word' id='word_1_6' title='bbox 1018 609 1131 666; x_wconf 91' lang='lat' dir='ltr'><strong>tenore</strong></span> <span class='ocrx_word' id='word_1_7' title='bbox 1155 602 1337 667; x_wconf 90' lang='lat' dir='ltr'><strong>infitiantur</strong></span> <span class='ocrx_word' id='word_1_8' title='bbox 1359 602 1441 686; x_wconf 83' lang='lat' dir='ltr'><strong>lrgg.</strong></span> <span class='ocrx_word' id='word_1_9' title='bbox 1458 607 1501 668; x_wconf 84' lang='lat'><strong>35</strong></span> 
     </span>
     <span class='ocr_line' id='line_1_3' title="bbox 328 710 1436 792; baseline -0.002 -18"><span class='ocrx_word' id='word_1_10' title='bbox 328 716 361 774; x_wconf 89' lang='lat' dir='ltr'><strong>et</strong></span> <span class='ocrx_word' id='word_1_11' title='bbox 385 713 426 775; x_wconf 88' lang='grc'><strong>39</strong></span> <span class='ocrx_word' id='word_1_12' title='bbox 450 710 607 792; x_wconf 86' lang='lat' dir='ltr'><strong>(fabulam</strong></span> <span class='ocrx_word' id='word_1_13' title='bbox 631 710 876 774; x_wconf 81' lang='lat' dir='ltr'><strong>usitatissimam</strong></span> <span class='ocrx_word' id='word_1_14' title='bbox 900 710 1046 792; x_wconf 79' lang='lat' dir='ltr'><strong>spernit).</strong></span> <span class='ocrx_word' id='word_1_15' title='bbox 1435 713 1436 716; x_wconf 71' lang='grc'>’</span> 
     </span>
    </p>
   </div>
   <div class='ocr_carea' id='block_1_3' title="bbox 417 822 1500 909">
    <p class='ocr_par' dir='ltr' id='par_1_3' title="bbox 417 822 1500 909">
     <span class='ocr_line' id='line_1_4' title="bbox 417 822 1500 909; baseline 0 -19"><span class='ocrx_word' id='word_1_16' title='bbox 417 825 498 909; x_wconf 77' lang='lat' dir='ltr'><strong>Quae</strong></span> <span class='ocrx_word' id='word_1_17' title='bbox 523 847 596 889; x_wconf 91' lang='lat' dir='ltr'><strong>cum</strong></span> <span class='ocrx_word' id='word_1_18' title='bbox 620 825 675 892; x_wconf 90' lang='lat' dir='ltr'><strong>ita·</strong></span> <span class='ocrx_word' id='word_1_19' title='bbox 691 826 756 889; x_wconf 76' lang='lat' dir='ltr'><strong>sint</strong></span> <span class='ocrx_word' id='word_1_20' title='bbox 784 845 849 889; x_wconf 91' lang='lat' dir='ltr'><strong>non</strong></span> <span class='ocrx_word' id='word_1_21' title='bbox 873 823 1053 907; x_wconf 85' lang='lat' dir='ltr'><strong>miraberis,</strong></span> <span class='ocrx_word' id='word_1_22' title='bbox 1083 822 1275 890; x_wconf 81' lang='lat' dir='ltr'><strong>Acusilaum</strong></span> <span class='ocrx_word' id='word_1_23' title='bbox 1301 827 1397 890; x_wconf 90' lang='lat' dir='ltr'><strong>etiam</strong></span> <span class='ocrx_word' id='word_1_24' title='bbox 1421 833 1500 891; x_wconf 90' lang='lat' dir='ltr'><strong>tem-</strong></span> 
     </span>
    </p>
   </div>
   <div class='ocr_carea' id='block_1_4' title="bbox 327 930 1592 1017">
    <p class='ocr_par' dir='ltr' id='par_1_4' title="bbox 327 930 1592 1017">
     <span class='ocr_line' id='line_1_5' title="bbox 327 930 1592 1017; baseline 0 -21"><span class='ocrx_word' id='word_1_25' title='bbox 327 954 442 1015; x_wconf 92' lang='lat' dir='ltr'><strong>porum</strong></span> <span class='ocrx_word' id='word_1_26' title='bbox 459 933 577 996; x_wconf 89' lang='lat' dir='ltr'><strong>rationi</strong></span> <span class='ocrx_word' id='word_1_27' title='bbox 601 930 712 1017; x_wconf 91' lang='lat' dir='ltr'><strong>(quam</strong></span> <span class='ocrx_word' id='word_1_28' title='bbox 737 931 825 1014; x_wconf 91' lang='lat' dir='ltr'><strong>apud</strong></span> <span class='ocrx_word' id='word_1_29' title='bbox 841 932 1049 996; x_wconf 90' lang='lat' dir='ltr'><strong>Hellanicum</strong></span> <span class='ocrx_word' id='word_1_30' title='bbox 1074 931 1203 996; x_wconf 89' lang='lat' dir='ltr'><strong>demum</strong></span> <span class='ocrx_word' id='word_1_31' title='bbox 1218 932 1315 1014; x_wconf 88' lang='lat' dir='ltr'><strong>plane</strong></span> <span class='ocrx_word' id='word_1_32' title='bbox 1340 933 1500 998; x_wconf 79' lang='lat' dir='ltr'><strong>excultam</strong></span> <span class='ocrx_word' id='word_1_33' title='bbox 1589 984 1592 990; x_wconf 91' lang='lat'><em>.</em></span> 
     </span>
    </p>
   </div>
   <div class='ocr_carea' id='block_1_5' title="bbox 322 1038 1517 2954">
    <p class='ocr_par' dir='ltr' id='par_1_5' title="bbox 323 1038 1517 2400">
     <span class='ocr_line' id='line_1_6' title="bbox 328 1038 1500 1122; baseline 0.001 -20"><span class='ocrx_word' id='word_1_34' title='bbox 328 1038 613 1121; x_wconf 77' lang='lat' dir='ltr'><strong>deprehendimus)</strong></span> <span class='ocrx_word' id='word_1_35' title='bbox 645 1060 777 1122; x_wconf 92' lang='lat' dir='ltr'><strong>operam</strong></span> <span class='ocrx_word' id='word_1_36' title='bbox 800 1059 947 1103; x_wconf 86' lang='lat' dir='ltr'><strong>navasse.</strong></span> <span class='ocrx_word' id='word_1_37' title='bbox 994 1039 1071 1102; x_wconf 91' lang='lat' dir='ltr'><strong>Huc</strong></span> <span class='ocrx_word' id='word_1_38' title='bbox 1094 1039 1260 1121; x_wconf 84' lang='lat' dir='ltr'><strong>pertinent</strong></span> <span class='ocrx_word' id='word_1_39' title='bbox 1283 1041 1391 1105; x_wconf 89' lang='lat' dir='ltr'><strong>omnia</strong></span> <span class='ocrx_word' id='word_1_40' title='bbox 1415 1039 1500 1122; x_wconf 87' lang='lat' dir='ltr'><strong>frag·</strong></span> 
     </span>
     <span class='ocr_line' id='line_1_7' title="bbox 326 1127 1499 1228; baseline 0 -20"><span class='ocrx_word' id='word_1_41' title='bbox 326 1151 436 1210; x_wconf 88' lang='lat' dir='ltr'><strong>menta</strong></span> <span class='ocrx_word' id='word_1_42' title='bbox 468 1166 539 1228; x_wconf 78' lang='lat' dir='ltr'><strong>quae</strong></span> <span class='ocrx_word' id='word_1_43' title='bbox 565 1145 695 1228; x_wconf 93' lang='lat' dir='ltr'><strong>quidem</strong></span> <span class='ocrx_word' id='word_1_44' title='bbox 727 1144 895 1210; x_wconf 86' lang='lat' dir='ltr'><strong>historiam</strong></span> <span class='ocrx_word' id='word_1_45' title='bbox 929 1145 1083 1209; x_wconf 85' lang='lat' dir='ltr'><strong>exhibent</strong></span> <span class='ocrx_word' id='word_1_46' title='bbox 1114 1145 1244 1227; x_wconf 87' lang='lat' dir='ltr'><strong>proprie</strong></span> <span class='ocrx_word' id='word_1_47' title='bbox 1268 1127 1435 1227; x_wconf 88' lang='lat' dir='ltr'><strong>Argivam,</strong></span> <span class='ocrx_word' id='word_1_48' title='bbox 1465 1147 1499 1220; x_wconf 86' lang='lat' dir='ltr'><strong>in</strong></span> 
     </span>
     <span class='ocr_line' id='line_1_8' title="bbox 326 1250 1500 1335; baseline 0.003 -21"><span class='ocrx_word' id='word_1_49' title='bbox 326 1250 444 1332; x_wconf 90' lang='lat' dir='ltr'><strong>quibus</strong></span> <span class='ocrx_word' id='word_1_50' title='bbox 477 1253 649 1335; x_wconf 88' lang='lat' dir='ltr'><strong>progenies</strong></span> <span class='ocrx_word' id='word_1_51' title='bbox 673 1250 715 1316; x_wconf 89' lang='lat' dir='ltr'><strong>ad</strong></span> <span class='ocrx_word' id='word_1_52' title='bbox 740 1252 867 1335; x_wconf 84' lang='lat' dir='ltr'><strong>generis</strong></span> <span class='ocrx_word' id='word_1_53' title='bbox 898 1258 1066 1315; x_wconf 82' lang='lat' dir='ltr'><strong>auctorem</strong></span> <span class='ocrx_word' id='word_1_54' title='bbox 1096 1251 1293 1333; x_wconf 87' lang='lat' dir='ltr'><strong>referuntur,</strong></span> <span class='ocrx_word' id='word_1_55' title='bbox 1323 1253 1500 1335; x_wconf 89' lang='lat' dir='ltr'><strong>inquibus</strong></span> 
     </span>
     <span class='ocr_line' id='line_1_9' title="bbox 326 1356 1499 1440; baseline 0.005 -22"><span class='ocrx_word' id='word_1_56' title='bbox 326 1359 447 1433; x_wconf 82' lang='grc' dir='ltr'><strong><em>κτίσεις</em></strong></span> <span class='ocrx_word' id='word_1_57' title='bbox 485 1365 690 1424; x_wconf 83' lang='lat' dir='ltr'><strong>enarrantur.</strong></span> <span class='ocrx_word' id='word_1_58' title='bbox 741 1359 943 1424; x_wconf 91' lang='lat' dir='ltr'><strong>Nominatim</strong></span> <span class='ocrx_word' id='word_1_59' title='bbox 982 1356 1116 1422; x_wconf 88' lang='lat' dir='ltr'><strong>afferam</strong></span> <span class='ocrx_word' id='word_1_60' title='bbox 1155 1357 1337 1440; x_wconf 87' lang='lat' dir='ltr'><strong>fragmenta</strong></span> <span class='ocrx_word' id='word_1_61' title='bbox 1375 1360 1499 1424; x_wconf 86' lang='lat' dir='ltr'><strong>haecce:</strong></span> 
     </span>
     <span class='ocr_line' id='line_1_10' title="bbox 326 1463 1517 1552; baseline 0.005 -26"><span class='ocrx_word' id='word_1_62' title='bbox 326 1463 401 1547; x_wconf 84' lang='lat' dir='ltr'><strong>Frg.</strong></span> <span class='ocrx_word' id='word_1_63' title='bbox 429 1466 485 1528; x_wconf 83' lang='lat'><strong>16:</strong></span> <span class='ocrx_word' id='word_1_64' title='bbox 510 1463 719 1552; x_wconf 78' lang='lat' dir='ltr'><strong>Bhoroneus</strong></span> <span class='ocrx_word' id='word_1_65' title='bbox 734 1466 878 1548; x_wconf 89' lang='lat' dir='ltr'><strong>primus</strong></span> <span class='ocrx_word' id='word_1_66' title='bbox 908 1464 1093 1529; x_wconf 84' lang='lat' dir='ltr'><strong>mortalium</strong></span> <span class='ocrx_word' id='word_1_67' title='bbox 1126 1470 1184 1544; x_wconf 87' lang='lat' dir='ltr'><strong>est,</strong></span> <span class='ocrx_word' id='word_1_68' title='bbox 1213 1463 1411 1547; x_wconf 87' lang='lat' dir='ltr'><strong>Argivorum</strong></span> <span class='ocrx_word' id='word_1_69' title='bbox 1441 1481 1517 1532; x_wconf 83' lang='lat' dir='ltr'><strong>rex·</strong></span> 
     </span>
     <span class='ocr_line' id='line_1_11' title="bbox 324 1569 1498 1659; baseline 0.004 -26"><span class='ocrx_word' id='word_1_70' title='bbox 324 1571 483 1651; x_wconf 92' lang='lat' dir='ltr'><strong>primus.</strong></span> <span class='ocrx_word' id='word_1_71' title='bbox 508 1609 549 1618; x_wconf 84' lang='lat'><em>-</em></span> <span class='ocrx_word' id='word_1_72' title='bbox 575 1572 654 1654; x_wconf 86' lang='lat' dir='ltr'><strong>Frg.</strong></span> <span class='ocrx_word' id='word_1_73' title='bbox 673 1577 708 1637; x_wconf 80' lang='lat'><strong>7:</strong></span> <span class='ocrx_word' id='word_1_74' title='bbox 724 1569 890 1637; x_wconf 83' lang='lat' dir='ltr'><strong>Achelous</strong></span> <span class='ocrx_word' id='word_1_75' title='bbox 905 1571 1076 1636; x_wconf 87' lang='lat' dir='ltr'><strong>fluviorum</strong></span> <span class='ocrx_word' id='word_1_76' title='bbox 1100 1573 1345 1636; x_wconf 81' lang='lat' dir='ltr'><strong>veterrimus</strong></span> <span class='ocrx_word' id='word_1_77' title='bbox 1362 1611 1403 1620; x_wconf 90' lang='grc'><strong>-</strong></span> <span class='ocrx_word' id='word_1_78' title='bbox 1420 1575 1498 1659; x_wconf 86' lang='lat' dir='ltr'><strong>Frg.</strong></span> 
     </span>
     <span class='ocr_line' id='line_1_12' title="bbox 330 1677 1498 1763; baseline 0.004 -23"><span class='ocrx_word' id='word_1_79' title='bbox 330 1680 386 1741; x_wconf 81' lang='lat'><strong>17:</strong></span> <span class='ocrx_word' id='word_1_80' title='bbox 405 1677 448 1761; x_wconf 77' lang='lat' dir='ltr'><strong>(P)</strong></span> <span class='ocrx_word' id='word_1_81' title='bbox 465 1678 576 1743; x_wconf 89' lang='lat' dir='ltr'><strong>Nioba</strong></span> <span class='ocrx_word' id='word_1_82' title='bbox 591 1679 678 1743; x_wconf 81' lang='lat' dir='ltr'><strong>loris</strong></span> <span class='ocrx_word' id='word_1_83' title='bbox 695 1684 876 1744; x_wconf 89' lang='lat' dir='ltr'><strong>amatarmn</strong></span> <span class='ocrx_word' id='word_1_84' title='bbox 893 1679 1024 1763; x_wconf 83' lang='lat' dir='ltr'><strong>prima.</strong></span> <span class='ocrx_word' id='word_1_85' title='bbox 1041 1718 1085 1723; x_wconf 93' lang='lat'><em>-</em></span> <span class='ocrx_word' id='word_1_86' title='bbox 1100 1678 1179 1761; x_wconf 86' lang='lat' dir='ltr'><strong>Frg.</strong></span> <span class='ocrx_word' id='word_1_87' title='bbox 1204 1683 1256 1760; x_wconf 82' lang='lat'><strong>23,</strong></span> <span class='ocrx_word' id='word_1_88' title='bbox 1274 1701 1337 1762; x_wconf 93' lang='lat' dir='ltr'><strong>quo</strong></span> <span class='ocrx_word' id='word_1_89' title='bbox 1362 1688 1498 1746; x_wconf 87' lang='lat' dir='ltr'><strong>stemma</strong></span> 
     </span>
     <span class='ocr_line' id='line_1_13' title="bbox 326 1785 1498 1869; baseline 0.004 -23"><span class='ocrx_word' id='word_1_90' title='bbox 326 1804 365 1846; x_wconf 88' lang='lat' dir='ltr'><strong>ex</strong></span> <span class='ocrx_word' id='word_1_91' title='bbox 388 1785 492 1867; x_wconf 90' lang='lat' dir='ltr'><strong>primo</strong></span> <span class='ocrx_word' id='word_1_92' title='bbox 517 1785 645 1850; x_wconf 92' lang='lat' dir='ltr'><strong>mortali</strong></span> <span class='ocrx_word' id='word_1_93' title='bbox 670 1791 777 1868; x_wconf 91' lang='lat' dir='ltr'><strong>ortum</strong></span> <span class='ocrx_word' id='word_1_94' title='bbox 802 1787 997 1853; x_wconf 88' lang='lat' dir='ltr'><strong>continetur.</strong></span> <span class='ocrx_word' id='word_1_95' title='bbox 1022 1824 1064 1830; x_wconf 93' lang='lat'>—</span> <span class='ocrx_word' id='word_1_96' title='bbox 1089 1785 1167 1869; x_wconf 87' lang='lat' dir='ltr'><strong>Frg.</strong></span> <span class='ocrx_word' id='word_1_97' title='bbox 1193 1789 1249 1850; x_wconf 87' lang='lat'><strong>35:</strong></span> <span class='ocrx_word' id='word_1_98' title='bbox 1274 1786 1375 1851; x_wconf 90' lang='lat' dir='ltr'><strong>Haud</strong></span> <span class='ocrx_word' id='word_1_99' title='bbox 1400 1787 1498 1852; x_wconf 89' lang='lat' dir='ltr'><strong>dubie</strong></span> 
     </span>
     <span class='ocr_line' id='line_1_14' title="bbox 325 1892 1496 1974; baseline 0.003 -20"><span class='ocrx_word' id='word_1_100' title='bbox 325 1897 507 1974; x_wconf 92' lang='lat' dir='ltr'><strong>temporum</strong></span> <span class='ocrx_word' id='word_1_101' title='bbox 530 1893 615 1957; x_wconf 91' lang='lat' dir='ltr'><strong>ratio</strong></span> <span class='ocrx_word' id='word_1_102' title='bbox 640 1914 739 1958; x_wconf 90' lang='lat' dir='ltr'><strong>causa</strong></span> <span class='ocrx_word' id='word_1_103' title='bbox 773 1892 835 1956; x_wconf 81' lang='lat' dir='ltr'><strong>fuit</strong></span> <span class='ocrx_word' id='word_1_104' title='bbox 867 1913 925 1956; x_wconf 88' lang='lat' dir='ltr'><strong>cur</strong></span> <span class='ocrx_word' id='word_1_105' title='bbox 948 1892 1125 1957; x_wconf 89' lang='lat' dir='ltr'><strong>Acusilaus</strong></span> <span class='ocrx_word' id='word_1_106' title='bbox 1157 1893 1304 1957; x_wconf 89' lang='lat' dir='ltr'><strong>homines</strong></span> <span class='ocrx_word' id='word_1_107' title='bbox 1322 1893 1496 1969; x_wconf 51' lang='lat' dir='ltr'><strong>¹interdum</strong></span> 
     </span>
     <span class='ocr_line' id='line_1_15' title="bbox 324 1999 1495 2086; baseline 0.002 -24"><span class='ocrx_word' id='word_1_108' title='bbox 324 2004 391 2062; x_wconf 90' lang='lat' dir='ltr'><strong>tam</strong></span> <span class='ocrx_word' id='word_1_109' title='bbox 414 2002 620 2083; x_wconf 80' lang='grc' dir='ltr'><strong><em>μακραίωνας</em></strong></span> <span class='ocrx_word' id='word_1_110' title='bbox 642 1999 832 2064; x_wconf 87' lang='lat' dir='ltr'><strong>reddiderit.</strong></span> <span class='ocrx_word' id='word_1_111' title='bbox 879 1999 1027 2064; x_wconf 86' lang='lat' dir='ltr'><strong>Platonis</strong></span> <span class='ocrx_word' id='word_1_112' title='bbox 1051 2021 1127 2064; x_wconf 91' lang='lat' dir='ltr'><strong>vero</strong></span> <span class='ocrx_word' id='word_1_113' title='bbox 1157 2000 1248 2064; x_wconf 89' lang='lat' dir='ltr'><strong>locus</strong></span> <span class='ocrx_word' id='word_1_114' title='bbox 1273 1999 1376 2086; x_wconf 61' lang='lat' dir='ltr'><strong>(Tim,</strong></span> <span class='ocrx_word' id='word_1_115' title='bbox 1396 2003 1437 2064; x_wconf 88' lang='grc'><strong>22</strong></span> <span class='ocrx_word' id='word_1_116' title='bbox 1451 2002 1495 2082; x_wconf 84' lang='lat' dir='ltr'><strong>A,</strong></span> 
     </span>
     <span class='ocr_line' id='line_1_16' title="bbox 325 2105 1497 2189; baseline 0.003 -22"><span class='ocrx_word' id='word_1_117' title='bbox 325 2105 364 2169; x_wconf 87' lang='lat' dir='ltr'><strong>cf.</strong></span> <span class='ocrx_word' id='word_1_118' title='bbox 382 2127 413 2186; x_wconf 82' lang='lat' dir='ltr'><strong>p.</strong></span> <span class='ocrx_word' id='word_1_119' title='bbox 432 2109 487 2189; x_wconf 87' lang='grc'><strong>28)</strong></span> <span class='ocrx_word' id='word_1_120' title='bbox 513 2107 674 2189; x_wconf 85' lang='lat' dir='ltr'><strong>expressis</strong></span> <span class='ocrx_word' id='word_1_121' title='bbox 698 2106 806 2171; x_wconf 87' lang='lat' dir='ltr'><strong>verbis</strong></span> <span class='ocrx_word' id='word_1_122' title='bbox 822 2107 917 2170; x_wconf 90' lang='lat' dir='ltr'><strong>nobis</strong></span> <span class='ocrx_word' id='word_1_123' title='bbox 933 2112 1084 2187; x_wconf 87' lang='lat' dir='ltr'><strong>testatur,</strong></span> <span class='ocrx_word' id='word_1_124' title='bbox 1108 2107 1142 2170; x_wconf 90' lang='lat' dir='ltr'><strong>in</strong></span> <span class='ocrx_word' id='word_1_125' title='bbox 1167 2107 1358 2171; x_wconf 70' lang='lat' dir='ltr'><strong>saeculorum</strong></span> <span class='ocrx_word' id='word_1_126' title='bbox 1383 2107 1497 2171; x_wconf 89' lang='lat' dir='ltr'><strong>ordine</strong></span> 
     </span>
     <span class='ocr_line' id='line_1_17' title="bbox 324 2209 1495 2296; baseline 0.001 -21"><span class='ocrx_word' id='word_1_127' title='bbox 324 2209 517 2276; x_wconf 89' lang='lat' dir='ltr'><strong>Acusilaum</strong></span> <span class='ocrx_word' id='word_1_128' title='bbox 547 2213 715 2278; x_wconf 87' lang='lat' dir='ltr'><strong>historiam</strong></span> <span class='ocrx_word' id='word_1_129' title='bbox 748 2235 838 2278; x_wconf 89' lang='lat' dir='ltr'><strong>suam</strong></span> <span class='ocrx_word' id='word_1_130' title='bbox 863 2212 1083 2278; x_wconf 88' lang='lat' dir='ltr'><strong>aedificavisse.</strong></span> <span class='ocrx_word' id='word_1_131' title='bbox 1132 2213 1229 2296; x_wconf 75' lang='lat' dir='ltr'><strong>Quod</strong></span> <span class='ocrx_word' id='word_1_132' title='bbox 1254 2220 1325 2277; x_wconf 89' lang='lat' dir='ltr'><strong>erat</strong></span> <span class='ocrx_word' id='word_1_133' title='bbox 1347 2214 1495 2296; x_wconf 87' lang='lat' dir='ltr'><strong>logogra-</strong></span> 
     </span>
     <span class='ocr_line' id='line_1_18' title="bbox 323 2318 474 2400; baseline 0.033 -19"><span class='ocrx_word' id='word_1_134' title='bbox 323 2318 474 2400; x_wconf 85' lang='lat' dir='ltr'><strong>phorum.</strong></span> 
     </span>
    </p>

    <p class='ocr_par' dir='ltr' id='par_1_6' title="bbox 413 2434 1495 2520">
     <span class='ocr_line' id='line_1_19' title="bbox 413 2434 1495 2520; baseline 0.002 -22"><span class='ocrx_word' id='word_1_135' title='bbox 413 2435 476 2498; x_wconf 87' lang='lat' dir='ltr'><strong>Rei</strong></span> <span class='ocrx_word' id='word_1_136' title='bbox 499 2434 726 2520; x_wconf 75' lang='lat' dir='ltr'><strong>geographica</strong></span> <span class='ocrx_word' id='word_1_137' title='bbox 749 2435 795 2499; x_wconf 90' lang='lat' dir='ltr'><strong>nil</strong></span> <span class='ocrx_word' id='word_1_138' title='bbox 819 2436 882 2499; x_wconf 90' lang='lat' dir='ltr'><strong>nisi</strong></span> <span class='ocrx_word' id='word_1_139' title='bbox 905 2436 1042 2519; x_wconf 83' lang='lat' dir='ltr'><strong>vestigia</strong></span> <span class='ocrx_word' id='word_1_140' title='bbox 1066 2435 1219 2519; x_wconf 88' lang='lat' dir='ltr'><strong>detegere</strong></span> <span class='ocrx_word' id='word_1_141' title='bbox 1242 2436 1333 2500; x_wconf 90' lang='lat' dir='ltr'><strong>licet:</strong></span> <span class='ocrx_word' id='word_1_142' title='bbox 1357 2436 1417 2518; x_wconf 84' lang='lat' dir='ltr'><strong>frg.</strong></span> <span class='ocrx_word' id='word_1_143' title='bbox 1443 2440 1495 2500; x_wconf 82' lang='lat'><strong>40.</strong></span> 
     </span>
    </p>

    <p class='ocr_par' dir='ltr' id='par_1_7' title="bbox 322 2550 1498 2954">
     <span class='ocr_line' id='line_1_20' title="bbox 414 2550 1498 2636; baseline 0 -20"><span class='ocrx_word' id='word_1_144' title='bbox 414 2550 568 2634; x_wconf 74' lang='lat' dir='ltr'><strong>Quamvis</strong></span> <span class='ocrx_word' id='word_1_145' title='bbox 593 2573 668 2616; x_wconf 82' lang='lat' dir='ltr'><strong>vero</strong></span> <span class='ocrx_word' id='word_1_146' title='bbox 693 2572 752 2634; x_wconf 88' lang='lat' dir='ltr'><strong>pro</strong></span> <span class='ocrx_word' id='word_1_147' title='bbox 769 2550 1025 2636; x_wconf 85' lang='lat' dir='ltr'><strong>fragmentorum</strong></span> <span class='ocrx_word' id='word_1_148' title='bbox 1049 2572 1184 2623; x_wconf 89' lang='lat' dir='ltr'><strong>numero</strong></span> <span class='ocrx_word' id='word_1_149' title='bbox 1202 2550 1345 2634; x_wconf 92' lang='lat' dir='ltr'><strong>undique</strong></span> <span class='ocrx_word' id='word_1_150' title='bbox 1366 2551 1498 2616; x_wconf 62' lang='lat' dir='ltr'><strong>&#39;eluceat</strong></span> 
     </span>
     <span class='ocr_line' id='line_1_21' title="bbox 324 2655 1495 2741; baseline 0.003 -22"><span class='ocrx_word' id='word_1_151' title='bbox 324 2655 469 2722; x_wconf 85' lang='lat' dir='ltr'><strong>Acusilai</strong></span> <span class='ocrx_word' id='word_1_152' title='bbox 493 2659 696 2741; x_wconf 89' lang='lat' dir='ltr'><strong>propositum</strong></span> <span class='ocrx_word' id='word_1_153' title='bbox 729 2657 880 2722; x_wconf 88' lang='lat' dir='ltr'><strong>fabulosa</strong></span> <span class='ocrx_word' id='word_1_154' title='bbox 903 2657 1041 2738; x_wconf 89' lang='lat' dir='ltr'><strong>abicere,</strong></span> <span class='ocrx_word' id='word_1_155' title='bbox 1073 2663 1182 2723; x_wconf 89' lang='lat' dir='ltr'><strong>tamen</strong></span> <span class='ocrx_word' id='word_1_156' title='bbox 1208 2664 1323 2722; x_wconf 88' lang='lat' dir='ltr'><strong>auctor</strong></span> <span class='ocrx_word' id='word_1_157' title='bbox 1347 2659 1495 2722; x_wconf 90' lang='lat' dir='ltr'><strong>similiter</strong></span> 
     </span>
     <span class='ocr_line' id='line_1_22' title="bbox 323 2756 1497 2847; baseline 0.002 -20"><span class='ocrx_word' id='word_1_158' title='bbox 323 2756 431 2846; x_wconf 77' lang='lat' dir='ltr'><strong>atque</strong></span> <span class='ocrx_word' id='word_1_159' title='bbox 452 2764 631 2830; x_wconf 71' lang='lat' dir='ltr'><strong>Hecataeus</strong></span> <span class='ocrx_word' id='word_1_160' title='bbox 666 2764 721 2828; x_wconf 92' lang='lat' dir='ltr'><strong>alii</strong></span> <span class='ocrx_word' id='word_1_161' title='bbox 756 2765 900 2829; x_wconf 91' lang='lat' dir='ltr'><strong>nondum</strong></span> <span class='ocrx_word' id='word_1_162' title='bbox 935 2764 1104 2828; x_wconf 89' lang='lat' dir='ltr'><strong>consilium</strong></span> <span class='ocrx_word' id='word_1_163' title='bbox 1140 2766 1249 2828; x_wconf 91' lang='lat' dir='ltr'><strong>omnia</strong></span> <span class='ocrx_word' id='word_1_164' title='bbox 1279 2787 1352 2847; x_wconf 90' lang='lat' dir='ltr'><strong>quae</strong></span> <span class='ocrx_word' id='word_1_165' title='bbox 1383 2772 1497 2829; x_wconf 91' lang='lat' dir='ltr'><strong>contra</strong></span> 
     </span>
     <span class='ocr_line' id='line_1_23' title="bbox 322 2860 1400 2954; baseline 0.002 -22"><span class='ocrx_word' id='word_1_166' title='bbox 322 2876 473 2934; x_wconf 90' lang='lat' dir='ltr'><strong>naturam</strong></span> <span class='ocrx_word' id='word_1_167' title='bbox 497 2877 681 2954; x_wconf 85' lang='lat' dir='ltr'><strong>repugnent</strong></span> <span class='ocrx_word' id='word_1_168' title='bbox 705 2870 840 2935; x_wconf 90' lang='lat' dir='ltr'><strong>tollendi</strong></span> <span class='ocrx_word' id='word_1_169' title='bbox 863 2871 1024 2954; x_wconf 89' lang='lat' dir='ltr'><strong>pertinaci</strong></span> <span class='ocrx_word' id='word_1_170' title='bbox 1048 2871 1155 2934; x_wconf 91' lang='lat' dir='ltr'><strong>studio</strong></span> <span class='ocrx_word' id='word_1_171' title='bbox 1182 2860 1400 2954; x_wconf 86' lang='lat' dir='ltr'><strong>prosequitur.</strong></span> 
     </span>
    </p>
   </div>
   <div class='ocr_carea' id='block_1_6' title="bbox 322 2972 1496 3826">
    <p class='ocr_par' dir='ltr' id='par_1_8' title="bbox 322 2972 1496 3392">
     <span class='ocr_line' id='line_1_24' title="bbox 412 2972 1496 3070; baseline 0.001 -21"><span class='ocrx_word' id='word_1_172' title='bbox 412 2972 478 3050; x_wconf 84' lang='lat' dir='ltr'><strong>Sed</strong></span> <span class='ocrx_word' id='word_1_173' title='bbox 502 2985 543 3050; x_wconf 92' lang='lat' dir='ltr'><strong>ad</strong></span> <span class='ocrx_word' id='word_1_174' title='bbox 567 2987 632 3051; x_wconf 92' lang='lat' dir='ltr'><strong>alia</strong></span> <span class='ocrx_word' id='word_1_175' title='bbox 656 2993 870 3051; x_wconf 90' lang='lat' dir='ltr'><strong>transeamus.</strong></span> <span class='ocrx_word' id='word_1_176' title='bbox 917 2985 1120 3070; x_wconf 86' lang='lat' dir='ltr'><strong>Scriptorum</strong></span> <span class='ocrx_word' id='word_1_177' title='bbox 1150 3009 1287 3070; x_wconf 89' lang='lat' dir='ltr'><strong>quorum</strong></span> <span class='ocrx_word' id='word_1_178' title='bbox 1312 3009 1410 3069; x_wconf 89' lang='lat' dir='ltr'><strong>supra</strong></span> <span class='ocrx_word' id='word_1_179' title='bbox 1425 2985 1496 3050; x_wconf 56' lang='lat' dir='ltr'><strong>&#39;feci</strong></span> 
     </span>
     <span class='ocr_line' id='line_1_25' title="bbox 322 3091 1495 3176; baseline -0.001 -20"><span class='ocrx_word' id='word_1_180' title='bbox 322 3094 528 3174; x_wconf 89' lang='lat' dir='ltr'><strong>mentionem,</strong></span> <span class='ocrx_word' id='word_1_181' title='bbox 553 3099 713 3175; x_wconf 89' lang='lat' dir='ltr'><strong>praeterea</strong></span> <span class='ocrx_word' id='word_1_182' title='bbox 729 3093 799 3174; x_wconf 83' lang='lat' dir='ltr'><strong>fuit,</strong></span> <span class='ocrx_word' id='word_1_183' title='bbox 824 3094 940 3176; x_wconf 87' lang='lat' dir='ltr'><strong>patriae</strong></span> <span class='ocrx_word' id='word_1_184' title='bbox 960 3094 1026 3157; x_wconf 91' lang='lat' dir='ltr'><strong>sive</strong></span> <span class='ocrx_word' id='word_1_185' title='bbox 1043 3092 1133 3158; x_wconf 89' lang='lat' dir='ltr'><strong>urbis</strong></span> <span class='ocrx_word' id='word_1_186' title='bbox 1150 3091 1216 3157; x_wconf 86' lang='lat' dir='ltr'><strong>sive</strong></span> <span class='ocrx_word' id='word_1_187' title='bbox 1234 3099 1329 3157; x_wconf 88' lang='lat' dir='ltr'><strong>terrae</strong></span> <span class='ocrx_word' id='word_1_188' title='bbox 1345 3094 1495 3175; x_wconf 87' lang='lat' dir='ltr'><strong>proprias</strong></span> 
     </span>
     <span class='ocr_line' id='line_1_26' title="bbox 323 3199 1494 3282; baseline 0 -19"><span class='ocrx_word' id='word_1_189' title='bbox 323 3220 518 3282; x_wconf 87' lang='lat' dir='ltr'><strong>componere</strong></span> <span class='ocrx_word' id='word_1_190' title='bbox 531 3199 760 3280; x_wconf 68' lang='lat' dir='ltr'><strong>historiasz¹⁵⁹l</strong></span> <span class='ocrx_word' id='word_1_191' title='bbox 778 3199 928 3266; x_wconf 85' lang='lat' dir='ltr'><strong>Acusilai</strong></span> <span class='ocrx_word' id='word_1_192' title='bbox 943 3199 1092 3265; x_wconf 87' lang='lat' dir='ltr'><strong>conferas</strong></span> <span class='ocrx_word' id='word_1_193' title='bbox 1110 3199 1292 3282; x_wconf 87' lang='lat' dir='ltr'><strong>fragmenta</strong></span> <span class='ocrx_word' id='word_1_194' title='bbox 1311 3203 1494 3263; x_wconf 82' lang='lat'>1216-19</span> 
     </span>
     <span class='ocr_line' id='line_1_27' title="bbox 324 3305 743 3392; baseline 0.005 -23"><span class='ocrx_word' id='word_1_195' title='bbox 324 3309 456 3371; x_wconf 89' lang='grc'>22-29</span> <span class='ocrx_word' id='word_1_196' title='bbox 481 3309 520 3371; x_wconf 85' lang='grc'><strong>31</strong></span> <span class='ocrx_word' id='word_1_197' title='bbox 548 3306 619 3392; x_wconf 85' lang='grc'>(36)</span> <span class='ocrx_word' id='word_1_198' title='bbox 643 3305 743 3389; x_wconf 74' lang='grc' dir='ltr'>(37).ῗ</span> 
     </span>
    </p>

    <p class='ocr_par' dir='ltr' id='par_1_9' title="bbox 322 3421 1495 3826">
     <span class='ocr_line' id='line_1_28' title="bbox 411 3421 1495 3507; baseline 0.002 -21"><span class='ocrx_word' id='word_1_199' title='bbox 411 3423 457 3487; x_wconf 88' lang='lat' dir='ltr'><strong>Ut</strong></span> <span class='ocrx_word' id='word_1_200' title='bbox 480 3424 593 3506; x_wconf 89' lang='lat' dir='ltr'><strong>paucis</strong></span> <span class='ocrx_word' id='word_1_201' title='bbox 610 3423 822 3506; x_wconf 85' lang='lat' dir='ltr'><strong>complectar:</strong></span> <span class='ocrx_word' id='word_1_202' title='bbox 849 3421 998 3507; x_wconf 84' lang='lat' dir='ltr'><strong>Scriptor</strong></span> <span class='ocrx_word' id='word_1_203' title='bbox 1015 3444 1086 3488; x_wconf 89' lang='lat' dir='ltr'><strong>esse</strong></span> <span class='ocrx_word' id='word_1_204' title='bbox 1110 3423 1213 3486; x_wconf 87' lang='lat' dir='ltr'><strong>voluit</strong></span> <span class='ocrx_word' id='word_1_205' title='bbox 1235 3423 1263 3486; x_wconf 91' lang='lat' dir='ltr'><strong>is</strong></span> <span class='ocrx_word' id='word_1_206' title='bbox 1287 3423 1342 3504; x_wconf 92' lang='lat' dir='ltr'><strong>qui</strong></span> <span class='ocrx_word' id='word_1_207' title='bbox 1366 3421 1495 3488; x_wconf 89' lang='lat' dir='ltr'><strong>fabulas</strong></span> 
     </span>
     <span class='ocr_line' id='line_1_29' title="bbox 323 3526 1495 3613; baseline 0 -21"><span class='ocrx_word' id='word_1_208' title='bbox 323 3535 355 3592; x_wconf 89' lang='lat' dir='ltr'><strong>et</strong></span> <span class='ocrx_word' id='word_1_209' title='bbox 379 3551 431 3594; x_wconf 92' lang='lat' dir='ltr'><strong>res</strong></span> <span class='ocrx_word' id='word_1_210' title='bbox 457 3537 564 3613; x_wconf 86' lang='lat' dir='ltr'><strong>gestas</strong></span> <span class='ocrx_word' id='word_1_211' title='bbox 588 3552 653 3594; x_wconf 91' lang='lat' dir='ltr'><strong>non</strong></span> <span class='ocrx_word' id='word_1_212' title='bbox 672 3530 861 3613; x_wconf 87' lang='lat' dir='ltr'><strong>simpliciter</strong></span> <span class='ocrx_word' id='word_1_213' title='bbox 886 3529 942 3594; x_wconf 90' lang='lat' dir='ltr'><strong>sed</strong></span> <span class='ocrx_word' id='word_1_214' title='bbox 967 3531 1013 3594; x_wconf 89' lang='lat' dir='ltr'><strong>ita</strong></span> <span class='ocrx_word' id='word_1_215' title='bbox 1037 3537 1157 3610; x_wconf 90' lang='lat' dir='ltr'><strong>narret,</strong></span> <span class='ocrx_word' id='word_1_216' title='bbox 1182 3537 1218 3594; x_wconf 92' lang='lat' dir='ltr'><strong>ut</strong></span> <span class='ocrx_word' id='word_1_217' title='bbox 1242 3527 1337 3593; x_wconf 90' lang='lat' dir='ltr'><strong>simul</strong></span> <span class='ocrx_word' id='word_1_218' title='bbox 1354 3526 1495 3612; x_wconf 82' lang='lat' dir='ltr'><strong>exponat</strong></span> 
     </span>
     <span class='ocr_line' id='line_1_30' title="bbox 322 3635 1493 3720; baseline -0.002 -20"><span class='ocrx_word' id='word_1_219' title='bbox 322 3643 438 3701; x_wconf 85' lang='lat' dir='ltr'><strong>eventa</strong></span> <span class='ocrx_word' id='word_1_220' title='bbox 455 3636 540 3700; x_wconf 89' lang='lat' dir='ltr'><strong>unde</strong></span> <span class='ocrx_word' id='word_1_221' title='bbox 558 3637 715 3718; x_wconf 86' lang='lat' dir='ltr'><strong>originem</strong></span> <span class='ocrx_word' id='word_1_222' title='bbox 732 3639 877 3720; x_wconf 89' lang='lat' dir='ltr'><strong>ceperint</strong></span> <span class='ocrx_word' id='word_1_223' title='bbox 902 3644 934 3701; x_wconf 88' lang='lat' dir='ltr'><strong>et</strong></span> <span class='ocrx_word' id='word_1_224' title='bbox 957 3636 1119 3720; x_wconf 91' lang='lat' dir='ltr'><strong>quomodo</strong></span> <span class='ocrx_word' id='word_1_225' title='bbox 1138 3637 1224 3700; x_wconf 89' lang='lat' dir='ltr'><strong>inter</strong></span> <span class='ocrx_word' id='word_1_226' title='bbox 1248 3657 1282 3700; x_wconf 90' lang='lat' dir='ltr'><strong>se</strong></span> <span class='ocrx_word' id='word_1_227' title='bbox 1306 3635 1493 3700; x_wconf 85' lang='lat' dir='ltr'><strong>cohaereant</strong></span> 
     </span>
     <span class='ocr_line' id='line_1_31' title="bbox 322 3743 1040 3826; baseline 0.001 -19"><span class='ocrx_word' id='word_1_228' title='bbox 322 3767 363 3789; x_wconf 72' lang='grc'><strong>’-</strong></span> <span class='ocrx_word' id='word_1_229' title='bbox 388 3765 483 3825; x_wconf 89' lang='lat' dir='ltr'><strong>quem</strong></span> <span class='ocrx_word' id='word_1_230' title='bbox 507 3764 567 3807; x_wconf 89' lang='lat' dir='ltr'><strong>nos</strong></span> <span class='ocrx_word' id='word_1_231' title='bbox 592 3743 772 3808; x_wconf 89' lang='lat' dir='ltr'><strong>diceremus</strong></span> <span class='ocrx_word' id='word_1_232' title='bbox 795 3745 1040 3826; x_wconf 85' lang='lat' dir='ltr'><strong>pragmaticum.</strong></span> 
     </span>
    </p>
   </div>
   <div class='ocr_carea' id='block_1_7' title="bbox 320 3841 1494 4157">
    <p class='ocr_par' dir='ltr' id='par_1_10' title="bbox 320 3841 1494 4157">
     <span class='ocr_line' id='line_1_32' title="bbox 411 3841 1493 3943; baseline -0.001 -20"><span class='ocrx_word' id='word_1_233' title='bbox 411 3858 538 3942; x_wconf 79' lang='lat' dir='ltr'><strong>Quibus</strong></span> <span class='ocrx_word' id='word_1_234' title='bbox 554 3860 761 3943; x_wconf 89' lang='lat' dir='ltr'><strong>perlustratis</strong></span> <span class='ocrx_word' id='word_1_235' title='bbox 779 3860 953 3938; x_wconf 87' lang='lat' dir='ltr'><strong>videamus,</strong></span> <span class='ocrx_word' id='word_1_236' title='bbox 980 3863 1128 3942; x_wconf 86' lang='lat' dir='ltr'><strong>quaenam</strong></span> <span class='ocrx_word' id='word_1_237' title='bbox 1146 3841 1293 3924; x_wconf 79' lang='lat' dir='ltr'><strong>Acusilai</strong></span> <span class='ocrx_word' id='word_1_238' title='bbox 1317 3858 1391 3922; x_wconf 88' lang='lat' dir='ltr'><strong>libri</strong></span> <span class='ocrx_word' id='word_1_239' title='bbox 1407 3880 1493 3923; x_wconf 92' lang='lat' dir='ltr'><strong>com·</strong></span> 
     </span>
     <span class='ocr_line' id='line_1_33' title="bbox 320 3964 1494 4056; baseline -0.001 -27"><span class='ocrx_word' id='word_1_240' title='bbox 320 3965 407 4048; x_wconf 88' lang='lat' dir='ltr'><strong>plexi</strong></span> <span class='ocrx_word' id='word_1_241' title='bbox 432 3967 497 4031; x_wconf 91' lang='lat' dir='ltr'><strong>sint</strong></span> <span class='ocrx_word' id='word_1_242' title='bbox 521 3973 554 4032; x_wconf 92' lang='lat' dir='ltr'><strong>et</strong></span> <span class='ocrx_word' id='word_1_243' title='bbox 577 3965 739 4050; x_wconf 92' lang='lat' dir='ltr'><strong>quomodo</strong></span> <span class='ocrx_word' id='word_1_244' title='bbox 764 3975 880 4031; x_wconf 89' lang='lat' dir='ltr'><strong>auctor</strong></span> <span class='ocrx_word' id='word_1_245' title='bbox 903 3967 1071 4031; x_wconf 89' lang='lat' dir='ltr'><strong>materiem</strong></span> <span class='ocrx_word' id='word_1_246' title='bbox 1097 3966 1301 4050; x_wconf 86' lang='lat' dir='ltr'><strong>disposuerit.</strong></span> <span class='ocrx_word' id='word_1_247' title='bbox 1343 3964 1494 4056; x_wconf 71' lang='grc' dir='ltr'><strong><em>Γεκεηλα-</em></strong></span> 
     </span>
     <span class='ocr_line' id='line_1_34' title="bbox 320 4071 1493 4157; baseline 0.002 -21"><span class='ocrx_word' id='word_1_248' title='bbox 320 4076 390 4157; x_wconf 78' lang='grc' dir='ltr'><strong><em>γίαι</em></strong></span> <span class='ocrx_word' id='word_1_249' title='bbox 413 4073 521 4155; x_wconf 85' lang='lat' dir='ltr'><strong>operis</strong></span> <span class='ocrx_word' id='word_1_250' title='bbox 545 4073 645 4138; x_wconf 88' lang='lat' dir='ltr'><strong>fuisse</strong></span> <span class='ocrx_word' id='word_1_251' title='bbox 669 4073 799 4138; x_wconf 91' lang='lat' dir='ltr'><strong>titulum</strong></span> <span class='ocrx_word' id='word_1_252' title='bbox 823 4074 923 4156; x_wconf 90' lang='lat' dir='ltr'><strong>(quod</strong></span> <span class='ocrx_word' id='word_1_253' title='bbox 948 4080 1037 4138; x_wconf 88' lang='lat' dir='ltr'><strong>certe</strong></span> <span class='ocrx_word' id='word_1_254' title='bbox 1061 4095 1126 4137; x_wconf 87' lang='lat' dir='ltr'><strong>non</strong></span> <span class='ocrx_word' id='word_1_255' title='bbox 1151 4080 1226 4137; x_wconf 90' lang='lat' dir='ltr'><strong>ante</strong></span> <span class='ocrx_word' id='word_1_256' title='bbox 1250 4073 1301 4139; x_wconf 91' lang='lat' dir='ltr'><strong>IV</strong></span> <span class='ocrx_word' id='word_1_257' title='bbox 1318 4089 1346 4138; x_wconf 88' lang='lat' dir='ltr'><strong>a.</strong></span> <span class='ocrx_word' id='word_1_258' title='bbox 1365 4071 1443 4137; x_wconf 84' lang='lat' dir='ltr'><strong>Chr.</strong></span> <span class='ocrx_word' id='word_1_259' title='bbox 1462 4083 1493 4138; x_wconf 68' lang='lat' dir='ltr'><strong>n:</strong></span> 
     </span>
    </p>
   </div>
   <div class='ocr_carea' id='block_1_8' title="bbox 320 4228 1494 4411">
    <p class='ocr_par' dir='ltr' id='par_1_11' title="bbox 320 4228 1494 4411">
     <span class='ocr_line' id='line_1_35' title="bbox 410 4228 1494 4321; baseline 0 -19"><span class='ocrx_word' id='word_1_260' title='bbox 410 4250 455 4318; x_wconf 77' lang='lat'><strong>¹⁵9)</strong></span> <span class='ocrx_word' id='word_1_261' title='bbox 475 4254 609 4303; x_wconf 85' lang='lat' dir='ltr'><strong>Charonis</strong></span> <span class='ocrx_word' id='word_1_262' title='bbox 624 4250 808 4316; x_wconf 85' lang='lat' dir='ltr'><strong>Lampsaceni</strong></span> <span class='ocrx_word' id='word_1_263' title='bbox 823 4249 909 4321; x_wconf 76' lang='grc' dir='ltr'><strong><em>Ὧραι</em></strong></span> <span class='ocrx_word' id='word_1_264' title='bbox 924 4247 1142 4321; x_wconf 74' lang='grc' dir='ltr'><strong><em>Λαμψακηνῶν,</em></strong></span> <span class='ocrx_word' id='word_1_265' title='bbox 1157 4228 1294 4316; x_wconf 75' lang='lat' dir='ltr'><strong>liugeonis</strong></span> <span class='ocrx_word' id='word_1_266' title='bbox 1309 4253 1392 4302; x_wconf 80' lang='lat' dir='ltr'><strong>Sanni</strong></span> <span class='ocrx_word' id='word_1_267' title='bbox 1407 4247 1494 4320; x_wconf 79' lang='grc' dir='ltr'><strong><em>Ὧραι</em></strong></span> 
     </span>
     <span class='ocr_line' id='line_1_36' title="bbox 320 4337 915 4411; baseline 0.002 -19"><span class='ocrx_word' id='word_1_268' title='bbox 320 4340 473 4411; x_wconf 78' lang='grc' dir='ltr'><strong><em>Σαμιακαί,</em></strong></span> <span class='ocrx_word' id='word_1_269' title='bbox 493 4343 592 4392; x_wconf 84' lang='lat' dir='ltr'><strong>Xanthi</strong></span> <span class='ocrx_word' id='word_1_270' title='bbox 612 4337 693 4406; x_wconf 78' lang='lat' dir='ltr'><strong>Lydii</strong></span> <span class='ocrx_word' id='word_1_271' title='bbox 713 4340 845 4394; x_wconf 77' lang='lat' dir='ltr'><strong>Acdcaaa&#39;</strong></span> <span class='ocrx_word' id='word_1_272' title='bbox 864 4349 915 4393; x_wconf 82' lang='lat' dir='ltr'><strong>eto.</strong></span> 
     </span>
    </p>
   </div>
   <div class='ocr_carea' id='block_1_9' title="bbox 0 0 1692 5178">
    <p class='ocr_par' dir='ltr' id='par_1_12' title="bbox 0 0 1692 5178">
     <span class='ocr_line' id='line_1_37' title="bbox 0 0 1692 5178; baseline 0 2"><span class='ocrx_word' id='word_1_273' title='bbox 0 0 1692 5178; x_wconf 95' lang='lat' dir='ltr'><strong> </strong></span> 
     </span>
    </p>
   </div>
  </div>
 </body>
</html>
