<?xml version="1.0" encoding="UTF-8"?>
<!DOCTYPE html PUBLIC "-//W3C//DTD XHTML 1.0 Transitional//EN"
    "http://www.w3.org/TR/xhtml1/DTD/xhtml1-transitional.dtd">
<html xmlns="http://www.w3.org/1999/xhtml" xml:lang="en" lang="en">
 <head>
  <title>
</title>
<meta http-equiv="Content-Type" content="text/html;charset=utf-8" />
  <meta name='ocr-system' content='tesseract 3.04.00' />
  <meta name='ocr-capabilities' content='ocr_page ocr_carea ocr_par ocr_line ocrx_word'/>
</head>
<body>
  <div class='ocr_page' id='page_1' title='image "./deaeusilao00kordgoog_0080.png"; bbox 0 0 3376 5178; ppageno 0'>
   <div class='ocr_carea' id='block_1_1' title="bbox 669 400 891 462">
    <p class='ocr_par' dir='ltr' id='par_1_1' title="bbox 669 400 891 462">
     <span class='ocr_line' id='line_1_1' title="bbox 669 400 891 462; baseline -0.005 -19"><span class='ocrx_word' id='word_1_1' title='bbox 669 400 891 462; x_wconf 67' lang='grc'>-75-</span> 
     </span>
    </p>
   </div>
   <div class='ocr_carea' id='block_1_2' title="bbox 189 581 1367 2575">
    <p class='ocr_par' dir='ltr' id='par_1_2' title="bbox 189 581 1367 2575">
     <span class='ocr_line' id='line_1_2' title="bbox 282 581 1366 675; baseline -0.004 -17"><span class='ocrx_word' id='word_1_2' title='bbox 282 592 460 658; x_wconf 79' lang='lat' dir='ltr'><strong>Clementis</strong></span> <span class='ocrx_word' id='word_1_3' title='bbox 483 592 701 658; x_wconf 82' lang='lat' dir='ltr'><strong>Alexandrini</strong></span> <span class='ocrx_word' id='word_1_4' title='bbox 731 598 829 674; x_wconf 88' lang='lat' dir='ltr'><strong>atque</strong></span> <span class='ocrx_word' id='word_1_5' title='bbox 860 592 995 675; x_wconf 88' lang='lat' dir='ltr'><strong>Iosephi</strong></span> <span class='ocrx_word' id='word_1_6' title='bbox 1025 592 1214 657; x_wconf 86' lang='lat' dir='ltr'><strong>testimonia</strong></span> <span class='ocrx_word' id='word_1_7' title='bbox 1247 581 1284 656; x_wconf 91' lang='lat' dir='ltr'><strong>si</strong></span> <span class='ocrx_word' id='word_1_8' title='bbox 1301 593 1366 655; x_wconf 83' lang='lat' dir='ltr'><strong>iam</strong></span> 
     </span>
     <span class='ocr_line' id='line_1_3' title="bbox 192 696 1367 782; baseline -0.002 -19"><span class='ocrx_word' id='word_1_9' title='bbox 192 701 422 782; x_wconf 84' lang='lat' dir='ltr'>examinamus,</span> <span class='ocrx_word' id='word_1_10' title='bbox 448 721 503 764; x_wconf 89' lang='lat' dir='ltr'><strong>ecs</strong></span> <span class='ocrx_word' id='word_1_11' title='bbox 528 721 593 764; x_wconf 91' lang='lat' dir='ltr'><strong>non</strong></span> <span class='ocrx_word' id='word_1_12' title='bbox 611 700 770 764; x_wconf 84' lang='lat' dir='ltr'><strong>erravisse</strong></span> <span class='ocrx_word' id='word_1_13' title='bbox 794 698 887 763; x_wconf 91' lang='lat' dir='ltr'><strong>nobis</strong></span> <span class='ocrx_word' id='word_1_14' title='bbox 905 697 1149 764; x_wconf 86' lang='lat' dir='ltr'><strong>concedendum</strong></span> <span class='ocrx_word' id='word_1_15' title='bbox 1166 705 1240 764; x_wconf 51' lang='lat' dir='ltr'><strong>est.¹</strong></span> <span class='ocrx_word' id='word_1_16' title='bbox 1259 696 1367 781; x_wconf 85' lang='lat' dir='ltr'><strong>Scrip-</strong></span> 
     </span>
     <span class='ocr_line' id='line_1_4' title="bbox 192 804 1365 890; baseline 0 -21"><span class='ocrx_word' id='word_1_17' title='bbox 192 813 242 870; x_wconf 92' lang='lat' dir='ltr'><strong>tor</strong></span> <span class='ocrx_word' id='word_1_18' title='bbox 267 807 351 870; x_wconf 89' lang='lat' dir='ltr'><strong>enim</strong></span> <span class='ocrx_word' id='word_1_19' title='bbox 374 807 431 889; x_wconf 95' lang='lat' dir='ltr'><strong>qui</strong></span> <span class='ocrx_word' id='word_1_20' title='bbox 454 828 536 889; x_wconf 94' lang='lat' dir='ltr'><strong>opus</strong></span> <span class='ocrx_word' id='word_1_21' title='bbox 560 806 611 870; x_wconf 86' lang='lat' dir='ltr'><strong>vel</strong></span> <span class='ocrx_word' id='word_1_22' title='bbox 642 805 825 890; x_wconf 86' lang='lat' dir='ltr'><strong>fragmenta</strong></span> <span class='ocrx_word' id='word_1_23' title='bbox 847 805 998 870; x_wconf 83' lang='lat' dir='ltr'><strong>Acusilai</strong></span> <span class='ocrx_word' id='word_1_24' title='bbox 1030 804 1136 869; x_wconf 86' lang='lat' dir='ltr'><strong>obiter</strong></span> <span class='ocrx_word' id='word_1_25' title='bbox 1166 811 1294 869; x_wconf 88' lang='lat' dir='ltr'><strong>tantum</strong></span> <span class='ocrx_word' id='word_1_26' title='bbox 1317 808 1365 869; x_wconf 90' lang='lat' dir='ltr'><strong>in·</strong></span> 
     </span>
     <span class='ocr_line' id='line_1_5' title="bbox 192 911 1367 995; baseline 0 -19"><span class='ocrx_word' id='word_1_27' title='bbox 192 913 350 995; x_wconf 84' lang='lat' dir='ltr'><strong>spiciebat</strong></span> <span class='ocrx_word' id='word_1_28' title='bbox 375 919 407 976; x_wconf 90' lang='lat' dir='ltr'><strong>et</strong></span> <span class='ocrx_word' id='word_1_29' title='bbox 431 913 518 977; x_wconf 89' lang='lat' dir='ltr'><strong>ultro</strong></span> <span class='ocrx_word' id='word_1_30' title='bbox 543 911 583 976; x_wconf 85' lang='lat' dir='ltr'><strong>de</strong></span> <span class='ocrx_word' id='word_1_31' title='bbox 607 912 848 976; x_wconf 81' lang='lat' dir='ltr'><strong>necessitudine</strong></span> <span class='ocrx_word' id='word_1_32' title='bbox 880 933 952 994; x_wconf 86' lang='lat' dir='ltr'><strong>quae</strong></span> <span class='ocrx_word' id='word_1_33' title='bbox 980 913 1067 976; x_wconf 85' lang='lat' dir='ltr'><strong>inter</strong></span> <span class='ocrx_word' id='word_1_34' title='bbox 1090 918 1242 977; x_wconf 88' lang='lat' dir='ltr'><strong>auctores</strong></span> <span class='ocrx_word' id='word_1_35' title='bbox 1266 913 1367 977; x_wconf 89' lang='lat' dir='ltr'><strong>inter-</strong></span> 
     </span>
     <span class='ocr_line' id='line_1_6' title="bbox 191 1017 1363 1100; baseline 0 -17"><span class='ocrx_word' id='word_1_36' title='bbox 191 1026 335 1083; x_wconf 81' lang='lat' dir='ltr'><strong>cesserat</strong></span> <span class='ocrx_word' id='word_1_37' title='bbox 359 1019 477 1083; x_wconf 78' lang='lat' dir='ltr'><strong>certior</strong></span> <span class='ocrx_word' id='word_1_38' title='bbox 500 1018 607 1084; x_wconf 82' lang='lat' dir='ltr'><strong>laotus</strong></span> <span class='ocrx_word' id='word_1_39' title='bbox 632 1025 713 1100; x_wconf 83' lang='lat' dir='ltr'><strong>erat,</strong></span> <span class='ocrx_word' id='word_1_40' title='bbox 738 1017 929 1082; x_wconf 81' lang='lat' dir='ltr'><strong>Acusilaum</strong></span> <span class='ocrx_word' id='word_1_41' title='bbox 953 1019 1098 1082; x_wconf 87' lang='lat' dir='ltr'><strong>carmina</strong></span> <span class='ocrx_word' id='word_1_42' title='bbox 1121 1018 1289 1083; x_wconf 87' lang='lat' dir='ltr'><strong>Hesiodea</strong></span> <span class='ocrx_word' id='word_1_43' title='bbox 1313 1042 1363 1083; x_wconf 92' lang='lat' dir='ltr'><strong>so-</strong></span> 
     </span>
     <span class='ocr_line' id='line_1_7' title="bbox 190 1124 1366 1209; baseline -0.001 -20"><span class='ocrx_word' id='word_1_44' title='bbox 190 1126 259 1190; x_wconf 86' lang='lat' dir='ltr'><strong>luta</strong></span> <span class='ocrx_word' id='word_1_45' title='bbox 284 1126 482 1208; x_wconf 84' lang='lat' dir='ltr'><strong>expressisse</strong></span> <span class='ocrx_word' id='word_1_46' title='bbox 514 1126 661 1190; x_wconf 85' lang='lat' dir='ltr'><strong>oratione</strong></span> <span class='ocrx_word' id='word_1_47' title='bbox 696 1124 802 1190; x_wconf 88' lang='lat' dir='ltr'><strong>dicere</strong></span> <span class='ocrx_word' id='word_1_48' title='bbox 833 1131 971 1209; x_wconf 86' lang='lat' dir='ltr'><strong>poterat.</strong></span> <span class='ocrx_word' id='word_1_49' title='bbox 1029 1125 1147 1207; x_wconf 90' lang='lat' dir='ltr'><strong>Neque</strong></span> <span class='ocrx_word' id='word_1_50' title='bbox 1178 1125 1266 1208; x_wconf 93' lang='lat' dir='ltr'><strong>quod</strong></span> <span class='ocrx_word' id='word_1_51' title='bbox 1296 1128 1366 1208; x_wconf 81' lang='lat' dir='ltr'><strong>qui-</strong></span> 
     </span>
     <span class='ocr_line' id='line_1_8' title="bbox 191 1230 1361 1297; baseline 0.002 -2"><span class='ocrx_word' id='word_1_52' title='bbox 191 1233 263 1296; x_wconf 88' lang='lat' dir='ltr'><strong>dem</strong></span> <span class='ocrx_word' id='word_1_53' title='bbox 288 1239 433 1296; x_wconf 89' lang='lat' dir='ltr'><strong>nostrmn</strong></span> <span class='ocrx_word' id='word_1_54' title='bbox 465 1233 584 1297; x_wconf 75' lang='lat' dir='ltr'><strong>attinet</strong></span> <span class='ocrx_word' id='word_1_55' title='bbox 606 1230 851 1297; x_wconf 88' lang='lat' dir='ltr'><strong>Alexandrinus</strong></span> <span class='ocrx_word' id='word_1_56' title='bbox 881 1233 1036 1297; x_wconf 85' lang='lat' dir='ltr'><strong>mentitus</strong></span> <span class='ocrx_word' id='word_1_57' title='bbox 1061 1239 1111 1296; x_wconf 89' lang='lat' dir='ltr'><strong>est</strong></span> <span class='ocrx_word' id='word_1_58' title='bbox 1134 1252 1207 1295; x_wconf 91' lang='lat' dir='ltr'><strong>cum</strong></span> <span class='ocrx_word' id='word_1_59' title='bbox 1239 1232 1361 1297; x_wconf 84' lang='lat' dir='ltr'><strong>diceret</strong></span> 
     </span>
     <span class='ocr_line' id='line_1_9' title="bbox 191 1321 1365 1426; baseline -0.001 -23"><span class='ocrx_word' id='word_1_60' title='bbox 191 1332 235 1415; x_wconf 82' lang='grc' dir='ltr'><strong>ὡς</strong></span> <span class='ocrx_word' id='word_1_61' title='bbox 257 1336 323 1404; x_wconf 78' lang='grc' dir='ltr'><strong><em>ἴδια</em></strong></span> <span class='ocrx_word' id='word_1_62' title='bbox 347 1336 523 1426; x_wconf 68' lang='grc' dir='ltr'><strong>ἐξήνεγιονς</strong></span> <span class='ocrx_word' id='word_1_63' title='bbox 555 1360 630 1403; x_wconf 90' lang='lat' dir='ltr'><strong>nam</strong></span> <span class='ocrx_word' id='word_1_64' title='bbox 654 1321 694 1403; x_wconf 84' lang='lat' dir='ltr'><strong>ne</strong></span> <span class='ocrx_word' id='word_1_65' title='bbox 720 1339 889 1422; x_wconf 87' lang='lat' dir='ltr'><strong>vestigium</strong></span> <span class='ocrx_word' id='word_1_66' title='bbox 921 1338 1052 1422; x_wconf 89' lang='lat' dir='ltr'><strong>quidem</strong></span> <span class='ocrx_word' id='word_1_67' title='bbox 1076 1337 1228 1422; x_wconf 84' lang='lat' dir='ltr'><strong>detegere</strong></span> <span class='ocrx_word' id='word_1_68' title='bbox 1252 1361 1365 1422; x_wconf 88' lang='lat' dir='ltr'><strong>possu-</strong></span> 
     </span>
     <span class='ocr_line' id='line_1_10' title="bbox 190 1438 1363 1528; baseline 0 -19"><span class='ocrx_word' id='word_1_69' title='bbox 190 1467 271 1527; x_wconf 91' lang='lat' dir='ltr'><strong>mus,</strong></span> <span class='ocrx_word' id='word_1_70' title='bbox 300 1445 493 1511; x_wconf 80' lang='lat' dir='ltr'><strong>Acusilaum</strong></span> <span class='ocrx_word' id='word_1_71' title='bbox 517 1445 640 1510; x_wconf 87' lang='lat' dir='ltr'><strong>sontem</strong></span> <span class='ocrx_word' id='word_1_72' title='bbox 665 1467 758 1510; x_wconf 89' lang='lat' dir='ltr'><strong>suum</strong></span> <span class='ocrx_word' id='word_1_73' title='bbox 781 1438 973 1510; x_wconf 86' lang='lat' dir='ltr'><strong>nominatim</strong></span> <span class='ocrx_word' id='word_1_74' title='bbox 997 1443 1224 1528; x_wconf 74' lang='lat' dir='ltr'><strong>attulisse3¹⁵⁶t</strong></span> <span class='ocrx_word' id='word_1_75' title='bbox 1256 1447 1363 1526; x_wconf 83' lang='lat' dir='ltr'><strong>immo,</strong></span> 
     </span>
     <span class='ocr_line' id='line_1_11' title="bbox 191 1551 1365 1639; baseline 0 -24"><span class='ocrx_word' id='word_1_76' title='bbox 191 1553 217 1615; x_wconf 93' lang='lat' dir='ltr'><strong>si</strong></span> <span class='ocrx_word' id='word_1_77' title='bbox 240 1554 310 1616; x_wconf 87' lang='lat' dir='ltr'><strong>iure</strong></span> <span class='ocrx_word' id='word_1_78' title='bbox 335 1553 381 1617; x_wconf 85' lang='lat' dir='ltr'><strong>ait</strong></span> <span class='ocrx_word' id='word_1_79' title='bbox 406 1552 568 1634; x_wconf 78' lang='lat' dir='ltr'><strong>Glemona,</strong></span> <span class='ocrx_word' id='word_1_80' title='bbox 592 1552 766 1616; x_wconf 83' lang='lat' dir='ltr'><strong>Eumelum</strong></span> <span class='ocrx_word' id='word_1_81' title='bbox 790 1559 823 1616; x_wconf 88' lang='lat' dir='ltr'><strong>et</strong></span> <span class='ocrx_word' id='word_1_82' title='bbox 838 1551 1040 1639; x_wconf 79' lang='lat' dir='ltr'><strong>Acusilaum,</strong></span> <span class='ocrx_word' id='word_1_83' title='bbox 1066 1574 1137 1635; x_wconf 82' lang='lat' dir='ltr'><strong>quae</strong></span> <span class='ocrx_word' id='word_1_84' title='bbox 1162 1574 1202 1616; x_wconf 91' lang='lat' dir='ltr'><strong>ex</strong></span> <span class='ocrx_word' id='word_1_85' title='bbox 1225 1551 1365 1616; x_wconf 87' lang='lat' dir='ltr'><strong>Hesiodi</strong></span> 
     </span>
     <span class='ocr_line' id='line_1_12' title="bbox 191 1659 1362 1742; baseline 0.002 -21"><span class='ocrx_word' id='word_1_86' title='bbox 191 1659 386 1724; x_wconf 87' lang='lat' dir='ltr'><strong>carminibus</strong></span> <span class='ocrx_word' id='word_1_87' title='bbox 421 1660 616 1740; x_wconf 85' lang='lat' dir='ltr'><strong>hausissent,</strong></span> <span class='ocrx_word' id='word_1_88' title='bbox 647 1659 741 1742; x_wconf 84' lang='lat' dir='ltr'><strong>quusi</strong></span> <span class='ocrx_word' id='word_1_89' title='bbox 764 1660 897 1742; x_wconf 86' lang='lat' dir='ltr'><strong>propria</strong></span> <span class='ocrx_word' id='word_1_90' title='bbox 928 1660 961 1723; x_wconf 92' lang='lat' dir='ltr'><strong>in</strong></span> <span class='ocrx_word' id='word_1_91' title='bbox 985 1659 1151 1742; x_wconf 90' lang='lat' dir='ltr'><strong>publicum</strong></span> <span class='ocrx_word' id='word_1_92' title='bbox 1174 1659 1362 1741; x_wconf 83' lang='lat' dir='ltr'><strong>protulisse,</strong></span> 
     </span>
     <span class='ocr_line' id='line_1_13' title="bbox 190 1765 1365 1850; baseline 0.001 -23"><span class='ocrx_word' id='word_1_93' title='bbox 190 1766 265 1830; x_wconf 86' lang='lat' dir='ltr'><strong>indo</strong></span> <span class='ocrx_word' id='word_1_94' title='bbox 290 1766 442 1849; x_wconf 86' lang='lat' dir='ltr'><strong>colligere</strong></span> <span class='ocrx_word' id='word_1_95' title='bbox 474 1788 655 1850; x_wconf 88' lang='lat' dir='ltr'><strong>possumus,</strong></span> <span class='ocrx_word' id='word_1_96' title='bbox 687 1787 806 1830; x_wconf 90' lang='lat' dir='ltr'><strong>nomen</strong></span> <span class='ocrx_word' id='word_1_97' title='bbox 829 1766 970 1830; x_wconf 90' lang='lat' dir='ltr'><strong>Hesiodi</strong></span> <span class='ocrx_word' id='word_1_98' title='bbox 1002 1766 1043 1831; x_wconf 92' lang='lat' dir='ltr'><strong>ab</strong></span> <span class='ocrx_word' id='word_1_99' title='bbox 1067 1765 1132 1830; x_wconf 92' lang='lat' dir='ltr'><strong>illis</strong></span> <span class='ocrx_word' id='word_1_100' title='bbox 1166 1765 1365 1830; x_wconf 85' lang='lat' dir='ltr'><strong>occultatum</strong></span> 
     </span>
     <span class='ocr_line' id='line_1_14' title="bbox 192 1871 1365 1953; baseline 0.001 -17"><span class='ocrx_word' id='word_1_101' title='bbox 192 1894 271 1940; x_wconf 86' lang='lat' dir='ltr'><strong>esse.</strong></span> <span class='ocrx_word' id='word_1_102' title='bbox 319 1872 554 1938; x_wconf 79' lang='lat' dir='ltr'><strong>Testimonium</strong></span> <span class='ocrx_word' id='word_1_103' title='bbox 579 1871 769 1953; x_wconf 77' lang='lat' dir='ltr'><strong>Clementis,</strong></span> <span class='ocrx_word' id='word_1_104' title='bbox 802 1874 854 1937; x_wconf 87' lang='lat' dir='ltr'><strong>cui</strong></span> <span class='ocrx_word' id='word_1_105' title='bbox 878 1871 1026 1938; x_wconf 88' lang='lat' dir='ltr'><strong>Acusilai</strong></span> <span class='ocrx_word' id='word_1_106' title='bbox 1057 1872 1188 1937; x_wconf 90' lang='lat' dir='ltr'><strong>libriin</strong></span> <span class='ocrx_word' id='word_1_107' title='bbox 1213 1873 1365 1938; x_wconf 89' lang='lat' dir='ltr'><strong>manibus</strong></span> 
     </span>
     <span class='ocr_line' id='line_1_15' title="bbox 190 1978 1365 2062; baseline 0.003 -21"><span class='ocrx_word' id='word_1_108' title='bbox 190 2000 255 2042; x_wconf 94' lang='lat' dir='ltr'><strong>non</strong></span> <span class='ocrx_word' id='word_1_109' title='bbox 279 1979 408 2060; x_wconf 86' lang='lat' dir='ltr'><strong>fuerint,</strong></span> <span class='ocrx_word' id='word_1_110' title='bbox 438 2002 503 2044; x_wconf 91' lang='lat' dir='ltr'><strong>uon</strong></span> <span class='ocrx_word' id='word_1_111' title='bbox 528 1980 624 2062; x_wconf 89' lang='lat' dir='ltr'><strong>plane</strong></span> <span class='ocrx_word' id='word_1_112' title='bbox 650 1986 775 2044; x_wconf 88' lang='lat' dir='ltr'><strong>certum</strong></span> <span class='ocrx_word' id='word_1_113' title='bbox 799 1986 857 2047; x_wconf 89' lang='lat' dir='ltr'><strong>est.</strong></span> <span class='ocrx_word' id='word_1_114' title='bbox 905 1978 953 2044; x_wconf 78' lang='lat' dir='ltr'><strong>At</strong></span> <span class='ocrx_word' id='word_1_115' title='bbox 986 1986 1133 2044; x_wconf 90' lang='lat' dir='ltr'><strong>nostrum</strong></span> <span class='ocrx_word' id='word_1_116' title='bbox 1164 2001 1229 2043; x_wconf 90' lang='lat' dir='ltr'><strong>uon</strong></span> <span class='ocrx_word' id='word_1_117' title='bbox 1260 1980 1365 2045; x_wconf 88' lang='lat' dir='ltr'><strong>solum</strong></span> 
     </span>
     <span class='ocr_line' id='line_1_16' title="bbox 190 2085 1365 2169; baseline 0.003 -22"><span class='ocrx_word' id='word_1_118' title='bbox 190 2085 327 2149; x_wconf 90' lang='lat' dir='ltr'><strong>Hesiodi</strong></span> <span class='ocrx_word' id='word_1_119' title='bbox 359 2086 604 2169; x_wconf 85' lang='lat' dir='ltr'><strong>compilatorem</strong></span> <span class='ocrx_word' id='word_1_120' title='bbox 636 2085 736 2151; x_wconf 85' lang='lat' dir='ltr'><strong>fuisse</strong></span> <span class='ocrx_word' id='word_1_121' title='bbox 766 2107 818 2150; x_wconf 89' lang='lat' dir='ltr'><strong>me</strong></span> <span class='ocrx_word' id='word_1_122' title='bbox 845 2087 905 2150; x_wconf 92' lang='lat' dir='ltr'><strong>tibi</strong></span> <span class='ocrx_word' id='word_1_123' title='bbox 936 2086 1104 2169; x_wconf 90' lang='lat' dir='ltr'><strong>hucusque</strong></span> <span class='ocrx_word' id='word_1_124' title='bbox 1137 2086 1202 2150; x_wconf 90' lang='lat' dir='ltr'><strong>iam</strong></span> <span class='ocrx_word' id='word_1_125' title='bbox 1234 2085 1365 2151; x_wconf 90' lang='lat' dir='ltr'><strong>demon·</strong></span> 
     </span>
     <span class='ocr_line' id='line_1_17' title="bbox 191 2190 1364 2278; baseline 0.002 -24"><span class='ocrx_word' id='word_1_126' title='bbox 191 2197 310 2255; x_wconf 85' lang='lat' dir='ltr'><strong>strasse</strong></span> <span class='ocrx_word' id='word_1_127' title='bbox 344 2213 541 2276; x_wconf 84' lang='lat' dir='ltr'><strong>magnopere</strong></span> <span class='ocrx_word' id='word_1_128' title='bbox 576 2190 772 2277; x_wconf 78' lang='lat' dir='ltr'><strong>confido.¹⁶⁷)</strong></span> <span class='ocrx_word' id='word_1_129' title='bbox 818 2192 1023 2259; x_wconf 90' lang='lat' dir='ltr'><strong>Vocabulum</strong></span> <span class='ocrx_word' id='word_1_130' title='bbox 1047 2190 1246 2278; x_wconf 75' lang='grc' dir='ltr'><strong><em>διορθοῦται,</em></strong></span> <span class='ocrx_word' id='word_1_131' title='bbox 1277 2192 1364 2275; x_wconf 92' lang='lat' dir='ltr'><strong>quod</strong></span> 
     </span>
     <span class='ocr_line' id='line_1_18' title="bbox 189 2297 1364 2381; baseline 0.003 -22"><span class='ocrx_word' id='word_1_132' title='bbox 189 2297 349 2380; x_wconf 82' lang='lat' dir='ltr'><strong>Iosephus</strong></span> <span class='ocrx_word' id='word_1_133' title='bbox 374 2298 513 2378; x_wconf 88' lang='lat' dir='ltr'><strong>exhibet,</strong></span> <span class='ocrx_word' id='word_1_134' title='bbox 538 2300 621 2364; x_wconf 90' lang='lat' dir='ltr'><strong>bene</strong></span> <span class='ocrx_word' id='word_1_135' title='bbox 638 2321 672 2363; x_wconf 91' lang='lat' dir='ltr'><strong>se</strong></span> <span class='ocrx_word' id='word_1_136' title='bbox 690 2299 804 2381; x_wconf 82' lang='lat' dir='ltr'><strong>habet3</strong></span> <span class='ocrx_word' id='word_1_137' title='bbox 829 2299 898 2363; x_wconf 88' lang='lat' dir='ltr'><strong>sine</strong></span> <span class='ocrx_word' id='word_1_138' title='bbox 917 2299 1015 2364; x_wconf 91' lang='lat' dir='ltr'><strong>dubio</strong></span> <span class='ocrx_word' id='word_1_139' title='bbox 1033 2299 1206 2364; x_wconf 87' lang='lat' dir='ltr'><strong>Acusilaus</strong></span> <span class='ocrx_word' id='word_1_140' title='bbox 1231 2320 1270 2364; x_wconf 91' lang='lat' dir='ltr'><strong>ea</strong></span> <span class='ocrx_word' id='word_1_141' title='bbox 1293 2320 1364 2363; x_wconf 92' lang='lat' dir='ltr'><strong>cor-</strong></span> 
     </span>
     <span class='ocr_line' id='line_1_19' title="bbox 190 2404 1364 2488; baseline 0.001 -21"><span class='ocrx_word' id='word_1_142' title='bbox 190 2405 294 2487; x_wconf 86' lang='lat' dir='ltr'><strong>rigere</strong></span> <span class='ocrx_word' id='word_1_143' title='bbox 319 2405 449 2470; x_wconf 82' lang='lat' dir='ltr'><strong>volebat</strong></span> <span class='ocrx_word' id='word_1_144' title='bbox 473 2428 545 2488; x_wconf 79' lang='lat' dir='ltr'><strong>quac</strong></span> <span class='ocrx_word' id='word_1_145' title='bbox 570 2406 598 2470; x_wconf 91' lang='lat' dir='ltr'><strong>ei</strong></span> <span class='ocrx_word' id='word_1_146' title='bbox 622 2406 663 2470; x_wconf 87' lang='lat' dir='ltr'><strong>ab</strong></span> <span class='ocrx_word' id='word_1_147' title='bbox 687 2405 835 2470; x_wconf 88' lang='lat' dir='ltr'><strong>Hesiodo</strong></span> <span class='ocrx_word' id='word_1_148' title='bbox 868 2426 932 2469; x_wconf 92' lang='lat' dir='ltr'><strong>non</strong></span> <span class='ocrx_word' id='word_1_149' title='bbox 963 2406 1042 2470; x_wconf 88' lang='lat' dir='ltr'><strong>satis</strong></span> <span class='ocrx_word' id='word_1_150' title='bbox 1066 2412 1154 2469; x_wconf 87' lang='lat' dir='ltr'><strong>recte</strong></span> <span class='ocrx_word' id='word_1_151' title='bbox 1180 2404 1268 2470; x_wconf 87' lang='lat' dir='ltr'><strong>dicta</strong></span> <span class='ocrx_word' id='word_1_152' title='bbox 1293 2427 1364 2469; x_wconf 87' lang='lat' dir='ltr'><strong>esse</strong></span> 
     </span>
     <span class='ocr_line' id='line_1_20' title="bbox 191 2511 1124 2575; baseline 0.01 -2"><span class='ocrx_word' id='word_1_153' title='bbox 191 2511 394 2575; x_wconf 85' lang='lat' dir='ltr'><strong>videbantur.</strong></span> <span class='ocrx_word' id='word_1_154' title='bbox 1121 2513 1124 2516; x_wconf 39' lang='lat'>¹</span> 
     </span>
    </p>
   </div>
   <div class='ocr_carea' id='block_1_3' title="bbox 277 2635 1294 2706">
    <p class='ocr_par' dir='ltr' id='par_1_3' title="bbox 277 2635 1294 2706">
     <span class='ocr_line' id='line_1_21' title="bbox 277 2635 1294 2706; baseline 0.001 -8"><span class='ocrx_word' id='word_1_155' title='bbox 277 2635 361 2699; x_wconf 86' lang='lat' dir='ltr'><strong>Haec</strong></span> <span class='ocrx_word' id='word_1_156' title='bbox 384 2637 449 2700; x_wconf 89' lang='lat' dir='ltr'><strong>iam</strong></span> <span class='ocrx_word' id='word_1_157' title='bbox 473 2637 612 2700; x_wconf 83' lang='lat' dir='ltr'><strong>sufficiat</strong></span> <span class='ocrx_word' id='word_1_158' title='bbox 636 2658 674 2701; x_wconf 90' lang='lat' dir='ltr'><strong>ex</strong></span> <span class='ocrx_word' id='word_1_159' title='bbox 698 2658 770 2701; x_wconf 91' lang='lat' dir='ltr'><strong>meo</strong></span> <span class='ocrx_word' id='word_1_160' title='bbox 796 2637 930 2701; x_wconf 91' lang='lat' dir='ltr'><strong>consilio</strong></span> <span class='ocrx_word' id='word_1_161' title='bbox 955 2637 1074 2701; x_wconf 85' lang='lat' dir='ltr'><strong>dixisse</strong></span> <span class='ocrx_word' id='word_1_162' title='bbox 1100 2636 1139 2701; x_wconf 87' lang='lat' dir='ltr'><strong>de</strong></span> <span class='ocrx_word' id='word_1_163' title='bbox 1164 2637 1225 2700; x_wconf 86' lang='lat' dir='ltr'><strong>hac</strong></span> <span class='ocrx_word' id='word_1_164' title='bbox 1248 2657 1294 2706; x_wconf 86' lang='lat' dir='ltr'><strong>re.</strong></span> 
     </span>
    </p>
   </div>
   <div class='ocr_carea' id='block_1_4' title="bbox 655 3079 894 3146">
    <p class='ocr_par' dir='ltr' id='par_1_4' title="bbox 655 3079 894 3146">
     <span class='ocr_line' id='line_1_22' title="bbox 655 3079 894 3146; baseline 0.004 -1"><span class='ocrx_word' id='word_1_165' title='bbox 655 3079 808 3145; x_wconf 74' lang='lat' dir='ltr'><strong>CAPUT</strong></span> <span class='ocrx_word' id='word_1_166' title='bbox 833 3081 894 3146; x_wconf 88' lang='lat' dir='ltr'><strong>IV.</strong></span> 
     </span>
    </p>
   </div>
   <div class='ocr_carea' id='block_1_5' title="bbox 195 3273 1262 3516">
    <p class='ocr_par' dir='ltr' id='par_1_5' title="bbox 195 3273 1262 3516">
     <span class='ocr_line' id='line_1_23' title="bbox 284 3273 1262 3375; baseline -0.002 -21"><span class='ocrx_word' id='word_1_167' title='bbox 284 3275 440 3354; x_wconf 83' lang='lat' dir='ltr'><strong>Variae</strong></span> <span class='ocrx_word' id='word_1_168' title='bbox 471 3274 757 3375; x_wconf 79' lang='lat' dir='ltr'><strong>quaestiones</strong></span> <span class='ocrx_word' id='word_1_169' title='bbox 789 3275 849 3353; x_wconf 87' lang='lat' dir='ltr'><strong>ad</strong></span> <span class='ocrx_word' id='word_1_170' title='bbox 879 3273 1086 3354; x_wconf 83' lang='lat' dir='ltr'><strong>Acusilai</strong></span> <span class='ocrx_word' id='word_1_171' title='bbox 1115 3273 1262 3353; x_wconf 86' lang='lat' dir='ltr'><strong>libros</strong></span> 
     </span>
     <span class='ocr_line' id='line_1_24' title="bbox 195 3411 928 3516; baseline -0.001 -19"><span class='ocrx_word' id='word_1_172' title='bbox 195 3411 198 3415; x_wconf 75' lang='grc'><strong>’</strong></span> <span class='ocrx_word' id='word_1_173' title='bbox 621 3416 928 3516; x_wconf 75' lang='lat' dir='ltr'><strong>pertinentes,</strong></span> 
     </span>
    </p>
   </div>
   <div class='ocr_carea' id='block_1_6' title="bbox 188 3627 1362 3928">
    <p class='ocr_par' dir='ltr' id='par_1_6' title="bbox 188 3627 1362 3928">
     <span class='ocr_line' id='line_1_25' title="bbox 278 3627 1362 3716; baseline 0 -22"><span class='ocrx_word' id='word_1_174' title='bbox 278 3627 405 3713; x_wconf 81' lang='lat' dir='ltr'><strong>Quibus</strong></span> <span class='ocrx_word' id='word_1_175' title='bbox 428 3633 597 3716; x_wconf 86' lang='lat' dir='ltr'><strong>perpensis</strong></span> <span class='ocrx_word' id='word_1_176' title='bbox 614 3638 727 3712; x_wconf 87' lang='lat' dir='ltr'><strong>restat,</strong></span> <span class='ocrx_word' id='word_1_177' title='bbox 752 3640 789 3694; x_wconf 91' lang='lat' dir='ltr'><strong>ut</strong></span> <span class='ocrx_word' id='word_1_178' title='bbox 812 3638 922 3695; x_wconf 89' lang='lat' dir='ltr'><strong>cetera</strong></span> <span class='ocrx_word' id='word_1_179' title='bbox 943 3652 1014 3713; x_wconf 85' lang='lat' dir='ltr'><strong>quae</strong></span> <span class='ocrx_word' id='word_1_180' title='bbox 1040 3630 1079 3695; x_wconf 89' lang='lat' dir='ltr'><strong>de</strong></span> <span class='ocrx_word' id='word_1_181' title='bbox 1097 3630 1254 3695; x_wconf 84' lang='lat' dir='ltr'><strong>Acusiloo</strong></span> <span class='ocrx_word' id='word_1_182' title='bbox 1279 3631 1362 3694; x_wconf 88' lang='lat' dir='ltr'><strong>eins-</strong></span> 
     </span>
     <span class='ocr_line' id='line_1_26' title="bbox 189 3736 1361 3821; baseline -0.001 -21"><span class='ocrx_word' id='word_1_183' title='bbox 189 3758 251 3818; x_wconf 88' lang='lat' dir='ltr'><strong>que</strong></span> <span class='ocrx_word' id='word_1_184' title='bbox 274 3736 366 3801; x_wconf 91' lang='lat' dir='ltr'><strong>libris</strong></span> <span class='ocrx_word' id='word_1_185' title='bbox 397 3739 467 3802; x_wconf 92' lang='lat' dir='ltr'><strong>erui</strong></span> <span class='ocrx_word' id='word_1_186' title='bbox 490 3746 628 3820; x_wconf 90' lang='lat' dir='ltr'><strong>possunt</strong></span> <span class='ocrx_word' id='word_1_187' title='bbox 658 3739 770 3821; x_wconf 88' lang='lat' dir='ltr'><strong>paucis</strong></span> <span class='ocrx_word' id='word_1_188' title='bbox 802 3759 1011 3820; x_wconf 86' lang='lat' dir='ltr'><strong>exponamus.</strong></span> <span class='ocrx_word' id='word_1_189' title='bbox 1059 3736 1140 3820; x_wconf 80' lang='lat' dir='ltr'><strong>Quae</strong></span> <span class='ocrx_word' id='word_1_190' title='bbox 1165 3758 1361 3820; x_wconf 75' lang='lat' dir='ltr'><strong>quamquam</strong></span> 
     </span>
     <span class='ocr_line' id='line_1_27' title="bbox 188 3837 1360 3928; baseline 0 -23"><span class='ocrx_word' id='word_1_191' title='bbox 188 3844 350 3926; x_wconf 87' lang='lat' dir='ltr'><strong>permulta</strong></span> <span class='ocrx_word' id='word_1_192' title='bbox 381 3866 452 3909; x_wconf 90' lang='lat' dir='ltr'><strong>esse</strong></span> <span class='ocrx_word' id='word_1_193' title='bbox 488 3853 656 3927; x_wconf 90' lang='lat' dir='ltr'><strong>nequeunt</strong></span> <span class='ocrx_word' id='word_1_194' title='bbox 690 3852 825 3928; x_wconf 87' lang='lat' dir='ltr'><strong>propter</strong></span> <span class='ocrx_word' id='word_1_195' title='bbox 857 3837 1113 3928; x_wconf 85' lang='lat' dir='ltr'><strong>fragmentorum</strong></span> <span class='ocrx_word' id='word_1_196' title='bbox 1148 3845 1360 3928; x_wconf 84' lang='lat' dir='ltr'><strong>paucitatem,</strong></span> 
     </span>
    </p>
   </div>
   <div class='ocr_carea' id='block_1_7' title="bbox 188 4054 1363 4394">
    <p class='ocr_par' dir='ltr' id='par_1_7' title="bbox 188 4054 1363 4300">
     <span class='ocr_line' id='line_1_28' title="bbox 278 4054 1363 4122; baseline -0.004 -17"><span class='ocrx_word' id='word_1_197' title='bbox 278 4054 322 4117; x_wconf 68' lang='lat'><strong>¹5⁶)</strong></span> <span class='ocrx_word' id='word_1_198' title='bbox 344 4058 502 4106; x_wconf 74' lang='lat' dir='ltr'><strong>Srlrwurtzii</strong></span> <span class='ocrx_word' id='word_1_199' title='bbox 523 4059 661 4108; x_wconf 83' lang='lat' dir='ltr'><strong>sententia</strong></span> <span class='ocrx_word' id='word_1_200' title='bbox 683 4059 876 4122; x_wconf 73' lang='lat' dir='ltr'><strong>(Pauly-Wiss</strong></span> <span class='ocrx_word' id='word_1_201' title='bbox 898 4059 1131 4118; x_wconf 60' lang='lat' dir='ltr'><strong>stultissimos)</strong></span> <span class='ocrx_word' id='word_1_202' title='bbox 1152 4059 1199 4120; x_wconf 82' lang='lat' dir='ltr'><strong>qui</strong></span> <span class='ocrx_word' id='word_1_203' title='bbox 1220 4060 1297 4107; x_wconf 85' lang='lat' dir='ltr'><strong>loros</strong></span> <span class='ocrx_word' id='word_1_204' title='bbox 1317 4059 1363 4104; x_wconf 74' lang='lat' dir='ltr'><strong>ol»-</strong></span> 
     </span>
     <span class='ocr_line' id='line_1_29' title="bbox 188 4146 1361 4211; baseline 0.003 -16"><span class='ocrx_word' id='word_1_205' title='bbox 188 4161 287 4196; x_wconf 78' lang='lat' dir='ltr'><strong>sruros</strong></span> <span class='ocrx_word' id='word_1_206' title='bbox 306 4153 432 4197; x_wconf 89' lang='lat' dir='ltr'><strong>nostrum</strong></span> <span class='ocrx_word' id='word_1_207' title='bbox 452 4149 662 4210; x_wconf 82' lang='lat' dir='ltr'><strong>interpretatum</strong></span> <span class='ocrx_word' id='word_1_208' title='bbox 681 4162 745 4197; x_wconf 85' lang='lat' dir='ltr'><strong>esse</strong></span> <span class='ocrx_word' id='word_1_209' title='bbox 772 4149 868 4198; x_wconf 85' lang='lat' dir='ltr'><strong>statuit</strong></span> <span class='ocrx_word' id='word_1_210' title='bbox 887 4154 914 4198; x_wconf 90' lang='lat' dir='ltr'><strong>et</strong></span> <span class='ocrx_word' id='word_1_211' title='bbox 933 4148 1062 4211; x_wconf 84' lang='lat' dir='ltr'><strong>exempla</strong></span> <span class='ocrx_word' id='word_1_212' title='bbox 1081 4149 1158 4196; x_wconf 80' lang='lat' dir='ltr'><strong>ullert</strong></span> <span class='ocrx_word' id='word_1_213' title='bbox 1177 4148 1226 4210; x_wconf 80' lang='lat' dir='ltr'><strong>lrg.</strong></span> <span class='ocrx_word' id='word_1_214' title='bbox 1239 4146 1257 4198; x_wconf 88' lang='lat'>8</span> <span class='ocrx_word' id='word_1_215' title='bbox 1271 4153 1295 4196; x_wconf 87' lang='lat' dir='ltr'><strong>ct</strong></span> <span class='ocrx_word' id='word_1_216' title='bbox 1319 4147 1361 4198; x_wconf 67' lang='lat'><strong>12,</strong></span> 
     </span>
     <span class='ocr_line' id='line_1_30' title="bbox 188 4235 1047 4300; baseline 0.003 -15"><span class='ocrx_word' id='word_1_217' title='bbox 188 4252 250 4286; x_wconf 88' lang='lat' dir='ltr'><strong>moo</strong></span> <span class='ocrx_word' id='word_1_218' title='bbox 270 4238 383 4299; x_wconf 82' lang='lat' dir='ltr'><strong>quidem</strong></span> <span class='ocrx_word' id='word_1_219' title='bbox 403 4239 505 4288; x_wconf 75' lang='lat' dir='ltr'><strong>iudicio</strong></span> <span class='ocrx_word' id='word_1_220' title='bbox 525 4238 639 4287; x_wconf 88' lang='lat' dir='ltr'><strong>minime</strong></span> <span class='ocrx_word' id='word_1_221' title='bbox 658 4244 701 4287; x_wconf 86' lang='lat' dir='ltr'><strong>est</strong></span> <span class='ocrx_word' id='word_1_222' title='bbox 721 4239 849 4300; x_wconf 84' lang='lat' dir='ltr'><strong>probata;</strong></span> <span class='ocrx_word' id='word_1_223' title='bbox 870 4240 903 4289; x_wconf 87' lang='lat' dir='ltr'><strong>cf.</strong></span> <span class='ocrx_word' id='word_1_224' title='bbox 923 4239 985 4288; x_wconf 82' lang='lat' dir='ltr'><strong>adn.</strong></span> <span class='ocrx_word' id='word_1_225' title='bbox 1005 4235 1047 4288; x_wconf 82' lang='lat'><strong>34.</strong></span> 
     </span>
    </p>

    <p class='ocr_par' dir='ltr' id='par_1_8' title="bbox 278 4323 1145 4394">
     <span class='ocr_line' id='line_1_31' title="bbox 278 4323 1145 4394; baseline 0.002 -18"><span class='ocrx_word' id='word_1_226' title='bbox 278 4325 324 4392; x_wconf 70' lang='grc'><strong>157)</strong></span> <span class='ocrx_word' id='word_1_227' title='bbox 345 4330 384 4377; x_wconf 85' lang='lat' dir='ltr'><strong>lta</strong></span> <span class='ocrx_word' id='word_1_228' title='bbox 404 4329 458 4376; x_wconf 78' lang='lat' dir='ltr'><strong>iam</strong></span> <span class='ocrx_word' id='word_1_229' title='bbox 479 4330 582 4391; x_wconf 83' lang='lat' dir='ltr'><strong>optime</strong></span> <span class='ocrx_word' id='word_1_230' title='bbox 602 4329 770 4391; x_wconf 81' lang='lat' dir='ltr'><strong>Bernhardy,</strong></span> <span class='ocrx_word' id='word_1_231' title='bbox 792 4329 898 4377; x_wconf 83' lang='lat' dir='ltr'><strong>Grioelr.</strong></span> <span class='ocrx_word' id='word_1_232' title='bbox 918 4328 995 4390; x_wconf 79' lang='lat' dir='ltr'><strong>Littg.</strong></span> <span class='ocrx_word' id='word_1_233' title='bbox 1010 4323 1025 4376; x_wconf 97' lang='lat' dir='ltr'>I</span> <span class='ocrx_word' id='word_1_234' title='bbox 1038 4343 1065 4394; x_wconf 88' lang='lat' dir='ltr'><strong>p.</strong></span> <span class='ocrx_word' id='word_1_235' title='bbox 1085 4326 1145 4380; x_wconf 62' lang='lat'><strong>257.</strong></span> 
     </span>
    </p>
   </div>
   <div class='ocr_carea' id='block_1_8' title="bbox 0 0 1692 5178">
    <p class='ocr_par' dir='ltr' id='par_1_9' title="bbox 0 0 1692 5178">
     <span class='ocr_line' id='line_1_32' title="bbox 0 0 1692 5178; baseline 0 0"><span class='ocrx_word' id='word_1_236' title='bbox 0 0 1692 5178; x_wconf 95' lang='lat' dir='ltr'><strong> </strong></span> 
     </span>
    </p>
   </div>
  </div>
 </body>
</html>
