3376 5178
676 419 896 480 „29-

200 608 404 673 Deucalione
421 608 615 692 Pyrrhoque
634 609 759 694 (primis
783 623 856 694 post
874 611 1010 676 eluviem
1028 611 1229 695 hominibus3
1255 612 1294 677 of.
1312 611 1372 696 frg.

201 719 267 798 20),
293 716 333 779 de
358 738 471 781 eorum
493 719 648 799 progenie
672 717 724 799 (cf,
741 716 801 801 frg.
820 715 886 802 21),
912 719 951 782 de
975 724 1156 801 temporum
1181 719 1372 784 rationibus.

201 823 252 886 Ex
276 823 421 888 Eusebio
447 824 497 906 (Χ
524 825 576 908 10)
602 831 749 907 apparet,
782 825 959 890 secundum
983 823 1175 890 Acusilaum
1199 824 1373 890 Phoroneo

200 929 399 1013 Argivorum
423 953 499 1013 rege
523 932 661 1013 primam
685 938 784 1014 atque
805 953 956 1016 magnam
980 932 1078 996 fuisse
1102 932 1293 996 eluvionem.
1323 932 1374 996 Ex

201 1037 313 1100 eodem
353 1059 483 1120 quoque
515 1038 665 1102 concludi
692 1044 802 1122 potest
827 1045 976 1104 nostrum
1003 1045 1185 1123 temporum
1213 1040 1373 1104 rationem

203 1145 349 1228 attigisse
359 1145 396 1227 53)
430 1144 486 1229 (cf.
524 1167 593 1230 cap.
630 1145 704 1228 IV).
751 1144 851 1229 Apud
892 1144 1185 1231 Chronographum
1224 1147 1373 1212 Acusilai

201 1253 386 1335 opinionem
418 1253 451 1316 in
476 1253 540 1317 illis
566 1249 688 1333 Ἰνάχου
710 1252 770 1319 τοῦ
795 1252 984 1342 Φορωνέως,
1016 1249 1053 1327 ὃς
1076 1252 1209 1342 πρῶτος
1225 1251 1374 1342 ’Ἄργους

201 1358 411 1442 ἐβασίλευσεν
435 1381 469 1424 se
494 1361 661 1425 continere
685 1361 823 1425 videtur.

290 1493 429 1558 Interim
453 1493 549 1559 velim
566 1493 751 1578 Synoellum
776 1497 916 1561 omittas.
950 1495 1038 1578 Quid
1061 1494 1189 1563 restat?
1217 1497 1373 1562 Narratio

200 1623 318 1685 nempe
347 1602 588 1667 evidentissime
621 1625 660 1666 ex
683 1601 833 1667 Acusilai
863 1603 1002 1686 Argivi
1033 1604 1215 1668 rationibus
1247 1604 1374 1669 confor-

200 1715 305 1773 mata:
352 1708 483 1774 Primus
515 1710 680 1774 hominum
705 1712 830 1794 primus
854 1710 1050 1794 Argivorum
1074 1711 1136 1776 fuit
1160 1734 1228 1778 rex.
1277 1709 1373 1796 Quod

200 1817 306 1899 ipsum
331 1837 371 1880 ex
401 1816 626 1881 Phoronide
658 1825 804 1882 nostrum
828 1817 975 1884 hausisse
1006 1817 1134 1903 probat,
1166 1819 1285 1902 quippe
1310 1841 1373 1902 quo

201 1925 233 1987 in
259 1924 402 1987 carmine
427 1929 515 1988 certo
533 1924 727 1989 Phoroneus
744 1926 895 2008 princeps
912 1925 1065 2009 fuerit.⁵⁴)
1095 1925 1271 1990 Acusilaus
1295 1947 1373 1990 sane

201 2052 273 2094 cum
298 2031 534 2113 rationalismo,
559 2053 653 2114 quem
669 2055 728 2097 nos
754 2033 899 2112 dicimus,
923 2032 1048 2096 faveret
1064 2032 1284 2116 Phoroneum,
1308 2055 1371 2097 non

200 2137 359 2202 Inachum
385 2137 518 2202 fluvium
542 2140 670 2221 generis
691 2139 822 2203 humani
845 2140 1025 2222 principem
1049 2138 1140 2203 fecit:
1174 2139 1261 2222 quod
1285 2146 1373 2204 certe

200 2267 266 2309 non
290 2245 535 2325 mirabimur.⁵⁵)
571 2245 668 2328 Quod
691 2248 851 2329 Argivum
875 2247 1014 2329 primum
1037 2246 1222 2310 mortalium
1247 2246 1372 2328 habuit,

201 2352 276 2416 huic
299 2352 420 2435 populo
446 2375 480 2417 se
503 2353 702 2437 praeoipuum
727 2354 871 2418 tribuere
896 2353 1051 2418 honorem
1076 2353 1244 2436 professus
1269 2360 1328 2418 est.

290 2485 476 2570 Syncellum
501 2510 519 2552 a
544 2489 661 2552 ceteris
686 2489 862 2553 abhorrere
878 2489 1039 2570 videmus3
1063 2490 1155 2553 cuius
1179 2489 1373 2572 opinionem,

201 2593 345 2658 Eusebio
380 2595 453 2676 nisi,
490 2595 518 2660 si
548 2595 756 2678 corrigamus,
791 2597 894 2659 omnis
926 2602 1072 2660 servatus
1104 2603 1154 2660 est
1186 2601 1373 2661 concentus.

201 2699 363 2782 Equidem
388 2703 473 2765 enim
498 2703 657 2767 erravisse
682 2703 964 2785 chronographum
992 2724 1174 2785 propensus
1199 2724 1267 2766 sum
1292 2703 1374 2765 iudi·

202 2828 285 2889 care,
318 2810 500 2891 praesertim
525 2831 597 2873 cum
622 2809 783 2893 quomodo
807 2811 840 2873 in
865 2831 1008 2873 errorem
1039 2809 1191 2873 inciderit
1214 2809 1308 2874 facile
1333 2810 1375 2873 sit

202 2915 380 2998 explicatu:
413 2924 471 2980 aut
501 2939 695 2982 consensum
727 2916 875 2981 Acusilai
907 2938 980 2981 cum
1003 2917 1152 2981 Hesiodo
1185 2917 1310 2981 efficere
1341 2918 1374 2980 iu

201 3023 308 3086 animo
333 3030 413 3105 erat,
439 3025 559 3107 quippe
576 3046 713 3107 quorum
734 3030 839 3088 artam
865 3025 1068 3106 cognovisset
1092 3017 1374 3104 necessitudinem,

201 3137 258 3193 aut
282 3130 364 3194 duos
387 3131 461 3196 illos
485 3131 621 3196 Eusebii
645 3132 734 3195 looos
758 3131 807 3213 (X
834 3134 874 3195 10
898 3137 931 3195 et
955 3131 992 3194 X
1018 3135 1069 3210 12,
1099 3131 1155 3194 ubi
1180 3131 1374 3197 Phoroneus

202 3233 218 3302 ὁ
241 3234 312 3318 μετ’
327 3236 454 3318 Ἴναχον
477 3236 675 3323 appellatur)
700 3237 927 3320 conjungebat.

288 3469 321 3533 di)
342 3473 381 3521 Ex
395 3472 589 3536 Olympiadum
608 3474 714 3522 ratione
733 3488 821 3522 annos
841 3473 996 3522 certissime
1012 3487 1064 3521 non
1081 3473 1243 3521 numeravit.
1270 3472 1375 3522 Erravit

202 3561 283 3623 igitur
302 3562 404 3610 Teuffel
430 3562 457 3609 in
479 3563 555 3612 Paul.
582 3558 736 3626 encyolop.¹
762 3577 786 3614 v.
807 3563 982 3611 Phoroneus:
1023 3562 1188 3626 ,Akusilaus
1213 3566 1298 3610 setzte
1321 3563 1374 3610 den

201 3651 362 3699 Phoroneus
383 3649 453 3701 1200
473 3651 533 3715 (sio)
553 3651 635 3699 Jahre
655 3665 703 3699 vor
722 3652 767 3700 die
786 3658 860 3700 erste
880 3651 1068 3715 Olympiade.“

292 3737 324 3801 5⁴)
346 3741 405 3788 Duo
425 3741 542 3788 fortasse
562 3741 723 3802 Argivorum
744 3745 892 3789 stemmata
910 3741 1015 3789 arictori
1036 3747 1138 3802 praesto
1158 3741 1254 3800 fuisse,
1286 3740 1375 3802 suspi-

201 3834 279 3878 catur
298 3829 397 3891 Meyer,
418 3830 529 3880 l'orsoh.
550 3845 572 3877 a.
594 3830 639 3877 alt.
660 3829 758 3881 Gesch.
779 3830 789 3878 l
809 3845 834 3892 p.
854 3828 889 3880 89
909 3844 947 3880 se.

290 3915 323 3983 ll)
344 3918 382 3969 cf.
403 3919 485 3971 Paos,
507 3919 529 3967 ll
550 3917 592 3978 15,
613 3917 644 3970 5:
665 3916 799 3987 Φορωνέα
819 3920 851 3968 ἐν
870 3924 901 3988 τῇ
921 3923 957 3988 γῇ
977 3919 1062 3986 ταύτῃ
1077 3919 1223 3982 (Argolide)
1238 3917 1375 3986 γενέσθαι

200 4011 320 4076 πρῶτον,
340 4005 461 4074 Ἴναχον
480 4005 509 4056 dd
529 4009 580 4058 οὐκ
600 4007 690 4077 ἄνδρα
708 4005 790 4058 ἀλλὰ
809 4007 857 4058 τὸν
875 4007 1005 4076 ποταμὸν
1023 4009 1131 4076 πατέρα
1150 4008 1375 4076 εἷναιΦορωνεῑ.

202 4097 267 4160 Hyg.
288 4113 313 4159 p.
333 4095 376 4157 23,
406 4096 439 4147 13
459 4097 564 4147 Schm:
596 4098 731 4162 ,Inachus
752 4097 854 4147 Oceani
873 4099 948 4146 filius
975 4112 1010 4146 ex
1030 4097 1110 4160 Argia
1130 4111 1224 4145 sorore
1244 4111 1297 4145 sua
1315 4111 1376 4159 pro·

200 4187 303 4234 creavit
322 4187 498 4235 Phoroneum
517 4188 564 4249 qui
584 4188 691 4249 primus
705 4188 865 4236 mortalium
884 4187 984 4235 dicitur
997 4201 1130 4249 regnasse
1150 4223 1261 4238 .....
1283 4187 1376 4248 itaquo

201 4275 346 4324 exordium
360 4275 493 4337 regnandi
507 4276 618 4324 tradidit
632 4277 777 4325 Phoroneo
797 4277 866 4340 (scil.
882 4275 1026 4338 Iupiter)“;
1047 4276 1082 4324 id.
1097 4289 1121 4337 p.
1137 4273 1198 4334 149,
1220 4272 1253 4325 18
1268 4275 1374 4323 Schm:

202 4400 225 4428 „.
247 4400 252 4411 .
273 4364 320 4425 qui
341 4405 347 4416 ,
369 4401 374 4412 .
395 4364 502 4426 primus
522 4365 655 4427 regnandi
675 4369 841 4427 potestatem
862 4365 983 4413 habuit.“
