3376 5178
777 361 996 422 ..3ss-

301 574 388 637 mus;
416 553 494 616 item
518 550 701 616 Pausanias
726 572 855 634 quoque
886 551 1044 616 vocabulo
1069 550 1187 637 utitur)
1211 550 1392 636 Spartouis,
1424 552 1477 616 hic

300 658 540 742 Phoronei(l)
574 657 660 722 filius
693 655 818 740 eratsss)
864 656 937 721 Iam
969 679 1068 741 supra
1097 658 1246 744 vidimus,
1280 657 1476 724 Acusilaum

301 764 461 830 Inachum
474 765 604 828 omnino
617 785 684 828 non
699 764 751 827 vel
767 770 856 828 certe
872 785 938 829 nou
952 764 1113 829 hominem
1131 765 1327 848 genealogiae
1342 764 1477 846 Argivo·

301 867 376 936 rum'
395 872 582 952 inseruisse,
607 871 704 935 immo
722 870 932 936 Phoroneum
956 873 1094 954 primum
1114 871 1276 936 homiuem
1301 894 1477 956 regemque

300 977 510 1065 Argivorum,
530 979 657 1062 generis
672 979 772 1062 igitur
789 985 955 1042 auctorem
971 979 1065 1043 nobis
1082 999 1264 1061 proponere
1280 977 1355 1063 (frg.
1372 982 1411 1043 16
1425 979 1476 1063 s.).

301 1085 437 1149 Minime
460 1085 560 1166 igitur
582 1084 782 1163 mirabimur,
808 1085 999 1167 scriptorem
1015 1084 1239 1169 Mycenarum,
1264 1087 1354 1150 urbis
1371 1085 1478 1168 Argo·

301 1192 382 1277 licae,
413 1212 607 1274 eponymum
640 1213 705 1255 non
737 1191 777 1255 ab
801 1191 938 1275 Inacho,
971 1190 1029 1256 sed
1052 1214 1072 1255 a
1095 1192 1269 1257 Phoroneo
1302 1192 1476 1262 derivasse.

301 1299 376 1363 Hoc
400 1305 537 1362 stemma
560 1319 627 1361 non
650 1299 756 1361 minus
773 1296 967 1362 Acusilaum
990 1299 1057 1363 olet
1082 1299 1135 1380 (cl.
1154 1299 1214 1382 hg.
1234 1295 1289 1386 17)
1313 1322 1410 1382 quam
1433 1300 1477 1385 id,

302 1405 391 1488 quod
414 1427 479 1469 non
504 1403 668 1489 feminam,
697 1405 755 1468 sed
779 1427 900 1470 morem
926 1405 1081 1470 usitatum
1107 1412 1237 1470 secutus
1260 1408 1365 1470 virum
1389 1429 1479 1470 crea-

302 1513 348 1576 vit
373 1533 576 1594 eponymum.
605 1511 682 1576 Non
708 1520 758 1576 est
780 1513 880 1595 igitur
904 1534 962 1576 cur
977 1511 1151 1576 Pausaniae
1169 1512 1389 1577 dubitationes
1405 1535 1479 1595 pro-

302 1618 430 1682 bemus:
456 1619 553 1682 immo
578 1617 747 1704 contra.'⁴)

391 1724 628 1807 Fragmentum
657 1726 700 1790 ad
730 1747 844 1810 regum
872 1725 1115 1808 Mycenaeorum
1147 1733 1284 1790 stemma
1313 1727 1479 1810 pertinere

302 1854 362 1916 pro
387 1839 477 1896 certo
502 1832 617 1900 habac.

391 2010 491 2094 Frg.
515 2010 573 2075 24
597 2008 666 2096 (28)
690 2044 716 2063 =
741 2011 889 2091 Apollod.
914 2011 974 2075 Ill
994 2013 1076 2076 133:

392 2170 553 2247 Μενέλαος
580 2169 639 2252 μὲν
670 2157 723 2235 οὖν
755 2167 788 2248 ἐξ
809 2163 935 2258 Ἑλένης
956 2163 1123 2259 Ἑρμιόνην
1147 2169 1291 2258 ἐγέννησε
1320 2172 1374 2236 καὶ
1397 2171 1481 2235 κατά

303 2301 393 2354 τινας
404 2275 627 2364 Νικόστρατον
643 2277 699 2364 (cf.
714 2278 795 2342 Hes
809 2276 870 2361 lrg.
885 2277 951 2363 99),
969 2275 1003 2342 ia
1019 2276 1130 2365 δούλης
1145 2278 1193 2364 (δὲ
1205 2279 1280 2345 εδδ.
1291 2279 1481 2362 Westerm.)

304 2384 461 2471 Πιερίδος,
485 2389 574 2470 γένος
590 2383 779 2468 Αἰτωλίδος,
803 2379 822 2470 ἢ
838 2382 993 2471 καθάπερ
1005 2375 1249 2462 Ἀκουσίλαός
1266 2404 1347 2472 φησι
1367 2389 1480 2472 Τηρηί-

304 2491 366 2571 δος,
391 2495 604 2577 Μεγαπένθη.

393 2652 418 2704 3.
440 2651 589 2722 Τηρηίδος]
613 2650 740 2721 Τηριδδη
760 2658 788 2702 et
809 2650 897 2721 Τηρίς
916 2654 1003 2702 schol.
1018 2654 1096 2702 Hom.
1114 2651 1176 2704 ‹512
1196 2653 1241 2718 (cl.
1257 2653 1368 2714 Stiehle,
1384 2655 1481 2706 Philol.

438 2743 497 2792 um
516 2757 541 2805 p.
563 2740 634 2806 610).

394 2884 459 2967 Qui
490 2883 686 2966 Apollodori
721 2883 813 2947 locus
845 2884 891 2947 ita
928 2888 977 2946 est
1009 2890 1192 2968 corruptus,
1229 2890 1265 2948 ut
1297 2882 1395 2966 plane
1426 2883 1482 2947 ad·

305 2991 442 3074 stipuler
474 2991 514 3056 U.
540 2990 580 3053 de
605 2989 866 3068 Wilamowitzio,
900 2989 955 3072 qui
985 2989 1056 3052 aliis
1090 2989 1285 3054 adiumentis
1317 3011 1382 3053 uon
1407 2989 1480 3053 sub·

304 3098 510 3163 venientibus
558 3102 658 3181 negat
701 3095 919 3179 corruptelam
962 3096 1080 3178 corrigi
1126 3095 1276 3181 posse.⁷⁵)
1335 3095 1484 3180 Πιερίδος

303 3227 422 3269 nomen
446 3204 613 3287 proprium
639 3224 711 3267 csse
736 3203 888 3282 debebat,
913 3201 1001 3284 quod
1024 3209 1134 3267 tamen
1150 3223 1217 3266 non
1242 3209 1306 3284 est,
1334 3202 1484 3290 Τηρηίδος

304 3332 422 3374 nomen
447 3311 612 3374 ethnicum
642 3331 713 3373 esse
738 3308 1018 3393 exspectabamus,
1049 3331 1122 3392 quac
1146 3316 1256 3374 tamen
1281 3311 1482 3392 exspectatio

303 3419 382 3482 item
412 3439 472 3481 nos
503 3416 596 3481 fallit.
644 3417 733 3499 Ergo
766 3417 828 3480 hoc
858 3423 987 3481 tantum
1019 3415 1174 3480 Acusilao
1207 3417 1324 3498 evenit,
1357 3437 1483 3480 servam

305 3524 470 3607 quandam
493 3522 647 3588 Menelao
672 3524 839 3606 peperisse
863 3522 1128 3607 Megapenthem.

394 3755 426 3822 ⁷3)
446 3759 484 3807 De
504 3758 591 3807 schol.
611 3757 647 3806 BJ
667 3757 728 3806 Eur.
750 3756 794 3808 Or.
814 3754 884 3807 1239
904 3762 930 3805 et
951 3756 1043 3818 Steph.
1063 3755 1092 3804 B.
1113 3770 1135 3805 s,
1156 3753 1293 3821 Μυκῆναι
1313 3755 1346 3806 cl.
1367 3756 1483 3818 Tiimpol

304 3862 348 3910 ap.
367 3847 469 3896 Rosch.
489 3861 511 3896 s.
532 3861 556 3896 v.
577 3847 736 3910 Mykeneus

393 3933 430 3999 ⁷4)
450 3936 509 3994 Quo
528 3937 563 3984 de
576 3936 723 3984 Pausaniae
745 3932 940 3999 „argument0“
963 3930 1033 3983 διότι
1054 3930 1127 4000 μηδὲ
1146 3931 1226 3982 αὐτοὶ
1246 3930 1308 3982 κτλ.
1328 3933 1361 3983 cl.
1381 3946 1424 3981 ex.
1445 3946 1484 3995 gr.

305 4028 342 4077 id.
364 4023 450 4085 1120,
471 4023 488 4076 5
508 4025 614 4090 (Bethe,
634 4025 719 4073 Theb.
740 4025 771 4073 H.
791 4038 816 4086 p.
838 4022 914 4086 111),
935 4022 971 4073 id.
992 4022 1050 4071 l'IlI
1069 4021 1095 4082 4,
1116 4019 1140 4072 6.

393 4111 426 4178 l5)
447 4115 525 4163 Hom.
546 4114 654 4164 UuterS.
675 4127 700 4175 p.
722 4111 773 4164 174
793 4126 815 4161 s.
836 4118 862 4161 et
882 4112 947 4160 ibid.
969 4112 1032 4162 adn.
1053 4110 1095 4161 17.
1128 4110 1183 4160 Cur
1202 4114 1295 4159 autem
1315 4111 1485 4160 sumendum

306 4205 351 4265 sit,
365 4203 534 4253 Pausaniam
555 4203 578 4251 II
597 4200 641 4262 18,
662 4200 678 4253 6
702 4198 795 4266 δούλη
808 4201 944 4251 vocabulo
959 4200 1071 4248 nomine
1085 4200 1196 4262 proprio
1209 4212 1293 4248 usum
1307 4213 1380 4260 esse,
1401 4200 1483 4261 plane

306 4307 362 4342 uon
382 4293 521 4356 intellego.
