3376 5178
786 427 1005 488 ..24-

397 623 497 708 Frg.
521 621 572 686 14
595 619 667 706 (31)
692 653 717 671 --
745 621 965 702 Harpocraten
988 640 1013 686 a
1039 640 1067 686 ο.
1092 619 1263 709 Ὁμηρίδαι
1273 643 1285 688 .·

396 779 578 870 Ὁμηρίδαι·
614 777 799 869 Ἰσοκράτης
828 779 936 869 Ἑλένη
966 781 998 866 (ξ
1023 784 1091 866 65).
1122 779 1293 870 Ὁμηρίδαι
1323 782 1413 868 γένος
1448 782 1482 849 ἐν

307 890 393 976 Χίῳ·
417 886 500 977 ὅπερ
524 887 779 962 Ἀκουσίλαος
802 889 837 955 ἐν
860 886 896 974 γ’.
919 885 1104 963 Ἑλλάνικος
1128 890 1203 975 (frg.
1219 889 1276 973 55)
1292 890 1326 956 όν
1341 889 1382 977 τῇ
1397 887 1481 954 Ἀτ-

307 992 455 1064 λαντιάδι
479 992 547 1063 ἀπό
570 995 630 1063 τοῦ
653 995 795 1083 ποιητοῦ
818 999 920 1084 φησίν
943 992 1148 1078 οἶνομάσὲίαι.

387 1156 463 1209 ¹Loci
483 1159 547 1208 smis
567 1159 612 1208 hic
632 1163 688 1208 est:
727 1155 875 1223 Σέλευκος
894 1157 924 1209 δὲ
943 1160 975 1209 ἐν
994 1159 1019 1222 β’
1039 1159 1105 1228 περὶ
1126 1161 1197 1222 βίων
1215 1159 1392 1228 ἁμαρτάνειν
1410 1159 1480 1227 φησὶ

305 1248 441 1319 Κράτητα
454 1247 609 1317 νομίζοντα
617 1249 650 1298 ἐν
657 1252 717 1312 ταῖς
725 1245 905 1316 Ἱεραποιίαις
918 1245 1078 1317 Ὃμηρίδας
1090 1249 1252 1317 ἀπογόνους
1266 1249 1341 1299 εἶναι
1356 1253 1404 1298 τοῦ
1419 1266 1480 1298 ποι-

305 1345 381 1406 ητοῦ·
402 1335 618 1407 ὠνομάσθησαν
629 1336 685 1406 γὰρ
698 1337 755 1387 ἀπὸ
769 1341 824 1387 τῶν
837 1339 962 1406 ὁμήρων,
982 1339 1044 1388 ἐπεὶ
1059 1340 1089 1388 αἱ
1102 1340 1236 1407 γυναῖκές
1248 1356 1316 1388 ποτε
1333 1342 1388 1388 τῶν
1401 1335 1482 1388 Χίων

306 1430 338 1478 ἐν
352 1427 515 1492 Διονυσίοις
527 1428 787 1496 παραφρονήσασαι
806 1428 848 1491 εἰς
864 1427 963 1496 μάχην
981 1425 1080 1494 ἦλθον
1097 1433 1155 1492 τοῖς
1171 1425 1301 1496 ἀνδράσι,
1321 1427 1368 1477 καὶ
1387 1425 1481 1492 δόντες

305 1515 453 1584 ἀλλήλοις
467 1518 562 1585 ὅμηρα
575 1517 720 1585 νυμφίους
732 1515 779 1566 καί
791 1517 907 1585 νύμφας
919 1517 1090 1583 ἐπαύσαντο,
1103 1515 1143 1567 ὧν
1153 1517 1217 1581 τοὺς
1226 1516 1387 1585 ἀπογόνους
1399 1514 1481 1585 Ὁμη·

306 1605 387 1675 ρίόας
406 1604 552 1674 λέγουσιν,
591 1605 628 1654 Cf.
649 1605 808 1667 epitomem.

396 1746 515 1812 Suidas
549 1770 574 1816 s.
599 1770 627 1811 v.
652 1744 825 1834 Ὁμηρίδαι
849 1747 1149 1830 Harpocrationem
1181 1755 1312 1812 secutus
1342 1749 1480 1831 primam

305 1854 480 1940 fragmenti
505 1861 632 1937 partem
663 1854 704 1917 ad
738 1859 963 1937 argumentum
988 1853 1171 1918 nominibus
1203 1854 1331 1918 omissis
1361 1876 1480 1939 propo-

307 1963 381 2043 suit,
412 1961 488 2025 inde
514 1961 554 2026 ab
580 1960 655 2028 ἐπεὶ
678 1959 714 2027 αί
738 1967 886 2045 γυναῖκες
918 1960 959 2025 ad
985 1961 1117 2026 verbum
1149 1960 1273 2026 fontem
1297 1962 1478 2045 exscripsit.

397 2068 497 2151 Apud
529 2068 709 2133 Isocratem
745 2067 792 2130 nil
825 2067 888 2132 nisi
918 2068 1172 2132 Homeridarum
1208 2090 1325 2132 nomen
1362 2074 1478 2133 exstat.

305 2175 591 2260 Lexicographum
614 2175 723 2258 igitur,
757 2175 812 2257 qui
835 2174 911 2238 huic
936 2174 1092 2239 vocabulo
1118 2174 1365 2258 explicationem
1390 2174 1480 2239 addi-

305 2283 362 2366 dit,
387 2282 467 2346 illud
492 2280 582 2366 γὲνος
606 2282 639 2349 ἐν
664 2283 740 2368 Χίῳ
765 2281 924 2347 Acusilao
949 2281 1069 2347 debere
1086 2282 1202 2364 glossae
1227 2289 1399 2347 contextus
1423 2282 1477 2346 de·

305 2396 474 2454 monstrat.
521 2388 671 2453 Acusilai
699 2389 920 2454 testimonium
952 2389 994 2453 ad
1019 2388 1189 2472 sequentia
1219 2389 1337 2454 referri
1367 2389 1480 2474 nequit

304 2503 439 2581 propter
462 2519 632 2562 numerum
656 2496 747 2560 verbi
775 2497 891 2584 φησίν;
921 2503 1082 2580 praeterea
1114 2503 1340 2580 argumentum
1362 2518 1421 2561 nos
1445 2497 1479 2561 id

305 2605 412 2668 facere
437 2610 535 2684 vetat,
569 2605 721 2687 quoniam
755 2603 827 2667 duae
855 2604 941 2668 inter
966 2624 1000 2668 se
1025 2610 1232 2687 opponuntur
1256 2603 1479 2688 sententiae.⁴²)

306 2709 492 2776 Secundum
524 2710 734 2774 Hellanicum
766 2710 850 2773 enim
875 2709 1065 2774 Homeridae
1097 2731 1236 2774 nomen
1266 2708 1307 2774 ab
1331 2709 1478 2774 Homero

306 2824 510 2900 acceperant,
539 2815 715 2882 Acusilaus
744 2837 821 2881 vero
852 2817 1128 2899 (genealogiarum
1154 2818 1324 2901 scriptorl)
1356 2816 1396 2881 do
1421 2839 1479 2900 ge·

305 2903 412 3004 nere,
446 2924 477 2987 h.
503 2945 529 2988 e.
564 2923 604 2987 de
636 2924 823 3006 progenie
855 2930 960 3007 poetae
991 2924 1200 3006 cogitaverat.
1248 2922 1358 3007 Quare
1390 2931 1478 2988 recte

304 3032 366 3095 Ed.
392 3029 704 3116 Meyer(11§267
728 3030 777 3116 A)
803 3031 986 3114 suspicatus
1011 3051 1082 3094 esse
1106 3029 1184 3094 mihi
1208 3031 1336 3094 videtur
1360 3028 1479 3095 Acusi-

304 3139 402 3223 laum‚
426 3139 481 3221 qui
505 3137 687 3202 Homerum
712 3136 830 3202 Chium
855 3137 955 3202 fuisse
979 3137 1187 3223 probaret,⁴³)
1212 3137 1378 3202 addidisse
1395 3137 1477 3201 Ohio

304 3246 336 3308 in
361 3245 468 3311 insula
490 3245 744 3309 Homeridarum
768 3267 870 3328 genus
893 3244 1066 3325 florere.⁴⁴)

392 3475 426 3542 42)
448 3479 485 3531 cf.
505 3479 593 3531 schol.
607 3479 684 3527 Pind.
705 3480 737 3532 N.
758 3479 780 3526 ll
800 3478 829 3529 1:
851 3475 1011 3546 Ὃμηρίδας
1029 3475 1133 3546 ἔλεγον
1152 3479 1181 3529 τὸ
1200 3479 1255 3547 μὲν
1273 3478 1396 3546 ἀρχαῖον
1415 3477 1480 3541 τοὺς

303 3569 428 3620 ἀπὸτοῦ
451 3567 576 3637 Ὁμήρου
595 3569 704 3636 γένους,
731 3569 758 3618 οἳ
785 3567 855 3618 κατὰ
882 3568 932 3635 τὴν
951 3569 1070 3634 ποίησιν
1088 3569 1175 3619 αὐτοῦ
1195 3570 1227 3618 ἐκ
1248 3564 1382 3634 διαδοχῆς
1400 3565 1477 3636 ᾖδον.

302 3657 374 3726 μετὰ
394 3655 423 3708 δὲ
443 3662 528 3708 ταῦτα
548 3657 596 3707 καὶ
623 3658 650 3707 οἱ
670 3654 800 3726 ῥαψῳδοὶ
828 3657 922 3707 οὐκέτι
949 3655 1080 3724 τὸγένος
1104 3658 1146 3722 εἰς
1165 3654 1299 3726 Ὅμηρον
1317 3655 1477 3724 ἀνάγοντες.

304 3748 361 3796 Hoc
380 3761 467 3796 sensu
487 3747 624 3795 Pindarus
644 3747 779 3796 vocabulo
800 3748 893 3796 utitur.

390 3833 424 3892 ⁴³)
445 3837 624 3899 Logographo
643 3836 717 3884 enim
733 3837 869 3885 Homerus
883 3851 977 3886 caecus
997 3840 1093 3885 cantor
1106 3836 1192 3884 Chius
1205 3836 1316 3898 ignotus
1337 3849 1392 3884 non
1412 3834 1475 3892 fuit;

304 3941 367 3976 nam
388 3925 544 3974 Simonides
564 3930 591 3974 et
611 3925 757 3987 PindaruS,
785 3926 846 3975 eius
874 3927 930 3976 fere
949 3927 1083 3988 {equales
1111 3925 1209 3974 Chium
1229 3929 1339 3986 poetam
1359 3924 1477 3986 appella-

303 4019 409 4075 verunt,
430 4029 528 4063 omues
548 4015 609 4063 sine
626 4015 711 4063 dubio
731 4015 784 4064 nisi
805 4016 832 4064 in
853 4015 988 4078 prooemio
1007 4015 1054 4064 illo
1074 4014 1102 4062 in
1122 4015 1208 4077 Apoll.
1223 4015 1279 4064 Del.
1300 4014 1383 4076 (hym.
1398 4014 1476 4062 Hom.

303 4102 385 4155 1172
405 4102 455 4166 ss.)
476 4104 548 4152 sicut
568 4104 651 4152 etiam
670 4105 754 4153 Thuo.
775 4104 891 4156 111104.

391 4189 425 4257 Μ)
446 4193 483 4242 cf.
499 4193 586 4242 Strab.
606 4193 663 4242 XIV
677 4208 702 4255 p.
716 4191 781 4244 645:
803 4193 1031 4263 Ἀμφισβητοῦσι
1052 4191 1082 4243 δὲ
1102 4193 1150 4243 καὶ
1164 4189 1295 4261 Ὀμήρου
1309 4189 1385 4254 Χῖοι,
1405 4207 1477 4259 μαρ-

302 4282 400 4350 τύριον
418 4281 465 4332 καί
485 4283 550 4347 τοὺς
565 4279 720 4351 ’θμηρίδας
749 4281 950 4352 καλουμένους
967 4283 1024 4333 ἀπδ
1043 4286 1092 4333 τοῦ
1111 4283 1223 4332 ἐκείνου
1243 4282 1344 4349 γένους
1362 4296 1477 4349 προχει-

305 4370 454 4440 ριζόμενοι
473 4369 534 4422 κτλ.
