3376 5178
766 389 984 450 -72-

290 583 434 647 historiis
458 581 621 665 praecipuo
645 579 785 644 favendi.
818 579 1023 663 Quamquam
1049 579 1222 646 historicus
1246 601 1310 644 non
1335 600 1463 662 semper

290 691 359 773 ipse
376 690 563 773 prosapiam
588 687 638 752 vel
661 687 804 752 fabulam
820 687 1012 765 immutavit,
1037 694 1146 752 tamen
1171 708 1211 751 ex
1228 686 1363 751 diversis
1387 706 1459 750 nar-

290 796 482 861 ratiunculis
506 815 577 859 eam
602 794 721 876 eligere
746 794 838 876 solet,
864 816 936 877 quae
961 793 1104 858 consiliis
1121 793 1368 876 rationibusque
1392 793 1462 856 eius

290 905 428 968 maxime
453 903 495 965 sit
518 908 737 966 consentanea
761 907 860 983 atque
884 908 972 983 apta.

379 1017 427 1082 At
449 1019 577 1082 initium
597 1016 713 1082 faciam
730 1018 771 1081 ab
788 1017 852 1081 illis
868 1016 1069 1102 fragmentis
1093 1018 1127 1081 in
1144 1017 1261 1099 quibus
1277 1016 1462 1082 rationalis·
1525 1051 1529 1056 ·

289 1148 387 1206 mum,
411 1147 506 1207 quem
525 1124 671 1202 dicimus,
685 1124 735 1188 rel
759 1132 846 1189 certe
872 1125 941 1188 eius
965 1125 1100 1206 vestigia
1117 1145 1250 1188 causam
1274 1123 1461 1188 discedendi

292 1233 333 1297 ab
348 1231 497 1296 Hesiodo
515 1231 666 1314 detegere
683 1253 864 1314 possumus·
893 1229 977 1296 Sunt
993 1238 1103 1295 autem
1120 1229 1304 1312 uaccam)
1329 1230 1408 1314 Frg.
1428 1233 1460 1293 l:

291 1337 460 1416 Omnibus,
486 1339 547 1402 diis
572 1337 766 1418 bominibus,
792 1338 944 1402 monstris
968 1337 1081 1402 bestiis
1106 1343 1214 1401 certus
1239 1337 1335 1401 datur
1359 1344 1460 1402 ortus.

290 1444 424 1508 Incerta
448 1467 542 1526 quam
569 1450 666 1527 poeta
681 1444 806 1527 praebet
828 1442 999 1526 Cupidinis
1015 1444 1206 1526 genealogia
1222 1441 1380 1507 Acusilao
1396 1463 1462 1506 non

290 1553 355 1615 iam
379 1551 504 1614 sufficit.
531 1589 572 1596 —
596 1550 671 1635 mg.
690 1554 724 1614 2:
749 1549 902 1614 Titanum
927 1549 1092 1614 sororibus
1113 1571 1242 1632 quoque
1266 1571 1382 1613 nomen
1408 1549 1462 1612 de-

291 1659 396 1722 betur.
413 1695 456 1704 -
476 1659 549 1742 erg.
570 1661 606 1721 5:
632 1655 832 1739 Scriptorum
848 1678 963 1722 revera
979 1656 1162 1721 Hesiodum
1177 1656 1338 1721 refutasse
1355 1656 1462 1740 posito

290 1784 329 1827 ac
353 1785 516 1843 concesso,
544 1764 690 1828 Acusilai
705 1765 928 1847 genealogiam
946 1785 984 1828 eo
1001 1771 1106 1828 ortam
1123 1785 1194 1828 esse
1211 1765 1359 1846 suspicor
1374 1763 1462 1845 quod

291 1873 320 1934 ei
340 1867 491 1953 ‘Phorcys
522 1871 635 1935 talium
666 1879 883 1936 monstrorum
917 1877 1011 1954 pater
1041 1871 1149 1935 notior
1181 1877 1267 1935 erat:
1299 1870 1360 1934 sibi
1383 1876 1462 1934 nota

291 1979 468 2060 conjungit.
492 2015 536 2024 -
559 1979 637 2061 Frg.
654 1983 686 2043 7:
714 1977 842 2060 Ubique
859 1986 982 2042 certum
1001 1978 1158 2059 ordinem,
1175 1978 1461 2056 continuationem,

290 2084 426 2166 gradum
451 2086 592 2149 instituit
616 2085 845 2167 logographus.
869 2124 912 2130 -
936 2085 1014 2167 Frg.
1036 2087 1090 2149 10:
1115 2085 1187 2148 vide
1212 2084 1254 2148 ad
1278 2084 1339 2168 frg.
1367 2088 1394 2148 1.
1419 2121 1451 2130 -

291 2193 369 2274 Frg.
388 2194 444 2256 13:
468 2191 645 2256 Phaeacum
669 2192 789 2274 sedem,
814 2193 865 2256 cui
883 2189 1035 2278 Δρεπάνη
1050 2213 1168 2256 nomen
1193 2198 1273 2272 erat,
1298 2191 1462 2256 connectit

290 2320 363 2362 oum
387 2295 536 2382 δρεπάνῃ,
562 2319 626 2380 qua
649 2297 780 2362 Uranus
804 2298 972 2362 mutilatus
996 2297 1117 2362 fuerat:
1143 2298 1204 2362 sibi
1227 2305 1306 2362 note
1330 2299 1463 2381 conjun-

289 2406 346 2486 git.
380 2441 420 2450 -
454 2405 531 2487 Frg.
560 2409 614 2468 15:
647 2404 774 2470 Auctor
796 2427 848 2470 res
873 2414 977 2486 notae,
1007 2405 1133 2469 etiamsi
1156 2405 1326 2469 Hesiodus
1350 2425 1461 2468 earum

291 2511 488 2575 mentionem
511 2533 575 2575 nou
600 2511 733 2592 fecerat,
758 2519 848 2575 certo
872 2512 1016 2576 inserere
1041 2511 1146 2576 ordini
1171 2533 1303 2594 operam
1328 2511 1393 2574 dat.
1418 2548 1461 2554 —

290 2617 368 2699 Frg.
387 2621 443 2682 25:
469 2618 541 2681 vide
566 2618 606 2682 ad
631 2618 691 2700 lrg.
712 2622 738 2681 1.
765 2656 806 2664 -
831 2618 909 2702 erg.
926 2621 983 2682 ‘262
1009 2616 1078 2683 Sibi
1094 2625 1173 2682 nota
1190 2619 1367 2702 conjungit,
1391 2626 1461 2682 tau-

291 2746 360 2787 rum
386 2724 508 2789 scilicet
532 2726 699 2806 Europam
722 2726 902 2807 rapientem
927 2747 1000 2789 cum
1025 2723 1165 2791 Cretico.
1212 2725 1287 2790 Non
1311 2724 1463 2808 Iuppiter

291 2831 377 2894 tauri
400 2830 505 2896 forma
528 2831 672 2914 indutus,
697 2831 753 2896 sed
766 2838 880 2897 taurus
894 2831 987 2896 adeo
1000 2833 1117 2896 missus
1134 2839 1274 2896 amatam
1288 2831 1404 2900 aufert.
1420 2869 1460 2876 —

290 2938 369 3022 Frg.
388 2942 444 3002 27:
468 2937 645 3002 Acusilaus
670 2939 814 3022 exponit,
838 2958 905 3002 cur
922 2937 1061 3003 Ooronis
1077 2938 1197 3022 Ischyn
1216 2937 1363 3021 Apollini
1379 2960 1459 3021 prae-

289 3045 417 3109 tulerit:
443 3066 548 3109 causae
573 3045 681 3110 allatae
697 3045 851 3126 iudicant,
877 3054 1078 3128 quantopere
1094 3044 1243 3110 Acusilai
1267 3045 1461 3123 interfuerit,

288 3152 439 3216 fabulosa
472 3151 611 3216 abicere.
644 3191 687 3196 —
721 3152 800 3236 Frg.
826 3155 882 3215 3⁶2:
915 3152 1041 3216 Arietis
1064 3152 1167 3216 vellus
1190 3153 1273 3216 mari
1304 3173 1461 3236 purpura-

289 3266 357 3322 tum
394 3266 457 3323 est:
491 3261 646 3342 optimum
679 3259 900 3324 testimonium
931 3259 1039 3340 studii,
1072 3259 1192 3341 ubique
1222 3259 1291 3322 veri
1321 3260 1460 3342 speciem

290 3366 452 3430 servandi.
472 3405 513 3413 -
530 3366 609 3450 Frg.
627 3370 685 3430 38:
711 3363 888 3448 Oreithyiae
907 3387 1023 3430 nomen
1042 3366 1232 3448 explicatur.
1249 3403 1292 3411 —
1308 3365 1385 3447 Frg.
1404 3368 1460 3430 39:

288 3463 392 3536 Nulla
415 3473 500 3537 actio
526 3474 594 3537 sine
619 3494 726 3536 causa.
756 3509 790 3519 —
818 3473 959 3536 Restant
982 3472 1165 3556 fragmenta
1192 3475 1364 3556 171923,
1389 3494 1460 3554 quae

290 3586 410 3660 tamen,
447 3601 519 3643 cum
555 3581 653 3644 etiam
683 3577 880 3662 Argivorum
915 3600 1024 3643 rerum
1060 3579 1240 3643 studiosum
1280 3585 1461 3643 monstrent

289 3686 492 3762 Acusilaum,
517 3686 612 3750 alteri
636 3687 832 3750 immisceam
859 3685 965 3749 classi.

380 3801 483 3870 Vides
507 3803 615 3886 igitur,
646 3809 727 3885 quot
755 3802 942 3884 testimonia
973 3802 1071 3866 studii
1103 3801 1211 3865 omnia
1246 3800 1288 3864 ad
1323 3801 1459 3864 rationis

288 3930 437 3974 normam
462 3909 622 3992 dirigendi
658 3908 751 3973 nobis
783 3917 956 3973 occurrant
987 3930 1045 3992 pro
1080 3915 1173 3972 tanta
1207 3908 1460 3994 fragmentorum

289 4016 466 4098 paucitate.

380 4230 424 4294 1⁶³)
445 4231 522 4291 Quod
543 4233 653 4295 singula
680 4233 774 4280 attimet
802 4233 836 4280 ad
857 4247 890 4280 eu
909 4246 972 4293 quae
993 4233 1140 4292 turcosque
1166 4231 1287 4279 disserui
1314 4236 1340 4278 te
1361 4230 1462 4292 relega-

291 4335 386 4370 verim.
