3376 5178
811 479 851 486 -
899 446 942 503 2ss

333 641 424 698 terea
441 633 613 698 Caliirides
630 658 805 718 numquam
823 636 1019 699 Cabirorum
1043 637 1146 713 liberi,
1172 636 1230 699 sed
1254 659 1383 700 sorores
1408 638 1509 700 nomi-

332 740 509 824 nantur.⁴⁵)
555 739 697 805 Omnino
733 743 895 824 oppositio
927 742 1031 805 solum
1064 741 1249 806 Cadmilum
1285 751 1434 825 spectare
1465 744 1510 805 vi-

333 847 440 912 detur.

422 955 495 1018 Iam
518 956 605 1037 quod
622 957 664 1019 ad
682 954 854 1020 Camillum
879 957 985 1038 (cuius
1005 979 1122 1021 nomen
1139 979 1198 1020 cur
1213 963 1401 1039 corruptum
1419 957 1509 1042 sict)

333 1084 399 1125 non
422 1061 592 1144 intellego)
615 1064 648 1125 in
673 1070 823 1144 apertum
849 1063 1023 1127 discrimen
1047 1086 1110 1126 non
1136 1065 1234 1130 evasi.
1271 1062 1346 1147 Quo
1369 1086 1509 1128 commo-

333 1168 407 1232 dius
438 1190 507 1232 rem
539 1169 713 1252 intellegas
744 1177 916 1234 stemmata
940 1169 1089 1234 Acusilai
1113 1171 1316 1254 Pherecydis
1348 1170 1509 1254 Stephani

333 1275 524 1357 adpingam:

486 1439 669 1486 hcusilaus
816 1440 1034 1500 Pherecydes
1164 1441 1276 1501 Steph.
1298 1440 1367 1500 llyz.

517 1516 636 1583 (Strabo)
866 1518 984 1581 iStraho)

771 1628 888 1675 Proteus
1122 1628 1396 1676 tumeas-,lucinum

826 1705 829 1753 l
1110 1705 1401 1737 *—

432 1770 713 1831 Cabini-llepbrestus
780 1770 1065 1831 Cabiro-llephaestus
1120 1770 1401 1832 Cabiro—lleplnestus

420 2019 547 2072 3Cahi1i
559 1973 576 2070 3
589 2022 731 2069 Calirides
768 2019 1080 2077 3Cau1n3Cabiriues
1115 2021 1421 2072 sahrrnhs‘ulimlu

427 2161 555 2245 Quibus
579 2185 619 2225 ex
642 2163 870 2227 stemmatibus
887 2164 1084 2228 Strabonem
1109 2163 1178 2226 l'ont
1165 2170 1231 2226 tem
1249 2162 1349 2226 luisse
1374 2171 1511 2245 apparet

335 2267 504 2352 Stephano
529 2269 568 2331 B.
593 2269 682 2351 (cum
706 2291 771 2351 quo
795 2271 905 2334 nescio
929 2293 995 2353 qua
1017 2269 1260 2333 necessitudine
1282 2269 1383 2333 schol.
1400 2268 1512 2352 Apoll.

334 2375 400 2443 Ru,
425 2375 456 2438 A
481 2380 557 2453 917,
590 2397 663 2439 cum
688 2375 873 2439 Cadmilum
904 2384 1058 2460 quartum
1082 2374 1212 2440 Cabiris
1238 2382 1402 2456 annectat,
1436 2396 1512 2438 con-

329 2482 480 2562 junctum
510 2485 581 2563 est).
629 2483 813 2546 Anchinoae
846 2484 1109 2547 commemoratio
1142 2506 1203 2547 nos
1228 2483 1268 2547 de
1293 2483 1419 2546 directa
1442 2504 1512 2545 mu·

333 2589 480 2652 tuatione
497 2591 644 2672 cogitare
668 2598 767 2654 vetat.
799 2590 876 2654 Non
902 2598 952 2654 est
975 2612 1032 2654 cur
1055 2613 1116 2654 nos
1140 2612 1250 2654 veram
1266 2588 1414 2654 Acusilai
1438 2611 1510 2652 sen-

333 2696 468 2759 tentiam
493 2703 569 2759 ante
594 2697 706 2760 oculos
723 2697 846 2760 habere
864 2719 1028 2778 negemus.
1059 2698 1164 2760 Immo
1188 2697 1283 2760 facile
1300 2697 1371 2760 lieri
1394 2698 1510 2778 potuit,

332 2811 370 2866 ut
393 2801 582 2885 Stephanus
615 2804 721 2888 (euius
745 2804 841 2867 lexici
866 2807 1008 2887 epitoma
1032 2812 1158 2867 tautum
1183 2804 1278 2868 nobis
1301 2811 1421 2886 praesto
1446 2803 1511 2885 est)

334 2911 514 2974 sententias
538 2910 763 2974 confunderet.
810 2909 929 2993 Itaque
954 2932 1018 2993 quo
1043 2911 1166 2974 diutius
1187 2933 1255 2974 rem
1279 2911 1447 2992 perpendo
1473 2931 1512 2972 eo

334 3018 438 3098 magis
455 3017 610 3096 adducor,
636 3024 673 3080 ut
688 3039 804 3082 revera
820 3016 1014 3081 Acusilaum
1038 3019 1200 3100 prosapiae
1217 3017 1348 3100 qualem
1363 3023 1512 3080 tenemus

334 3132 502 3187 auctorem
526 3123 627 3188 fuisse
651 3124 802 3188 iudicem.
842 3125 1009 3188 Numerus
1032 3126 1234 3188 ternarius
1258 3133 1291 3187 et
1316 3123 1512 3187 Cabirorum

336 3239 368 3294 et
392 3229 582 3295 Cabiridum
607 3231 670 3295 fuit
693 3230 978 3310 usitatissimus.⁴⁷)
1009 3231 1124 3298 Verba
1147 3232 1223 3294 iude
1247 3255 1267 3296 a
1289 3229 1434 3312 μάλιστα
1457 3252 1513 3293 ne-

335 3360 399 3421 que
424 3338 466 3403 ad
489 3338 762 3423 Pherecydem⁴⁸l
794 3360 900 3422 neque
931 3339 973 3402 ad
997 3338 1191 3403 Acusilaurn
1222 3339 1395 3402 referenda
1425 3343 1512 3402 sunt.

424 3446 500 3508 Non
524 3446 682 3509 minorem
707 3445 931 3509 difficultatem
955 3445 1081 3528 praebet
1098 3446 1235 3528 quaestio
1259 3445 1338 3528 quid
1353 3443 1512 3508 Acusilao

335 3575 449 3617 ansam
467 3553 596 3616 dederit
613 3553 656 3616 ad
672 3551 813 3616 Cabiros
830 3553 1141 3616 commemorandos.
1174 3553 1290 3635 Neque
1308 3552 1350 3615 ab
1365 3551 1513 3615 Homero

422 3766 456 3827 ⁴⁵)
477 3769 516 3818 Cf.
537 3769 705 3831 Pherecydis
725 3769 930 3831 genealogiam:
951 3768 1043 3830 Steph.
1064 3769 1092 3818 B.
1107 3782 1129 3820 S.
1144 3766 1291 3835 Ιιάβειρία.
1311 3796 1344 3802 -
1365 3768 1403 3817 Cl.
1423 3768 1513 3815 Noun.

335 3860 413 3910 Dion.
433 3859 491 3908 Xll'
510 3857 543 3909 17
564 3873 602 3910 ss,
623 3858 717 3907 XXl'll
737 3856 790 3908 120
809 3872 847 3908 ss,
867 3858 950 3905 XXIX
970 3856 1021 3908 193
1041 3872 1080 3906 ss.
1101 3857 1172 3905 XXX
1191 3855 1233 3907 61.

423 3944 456 4010 4⁶)
478 3949 518 3997 lta
537 3948 616 3996 Sturz
635 3949 652 3995 l.
672 3963 695 3997 e.
716 3962 741 4009 p.
762 3945 822 3998 143.
844 3975 873 3982 -
897 3947 1037 3995 Facillime
1063 3961 1097 3995 ex
1117 3961 1184 3995 voce
1211 3943 1387 4008 „Cadmilus“
1415 3959 1513 3993 secuu-

335 4039 402 4085 dum
422 4038 525 4099 linguee
545 4038 621 4099 leges
643 4035 809 4100 „Camillus“
831 4036 889 4084 lieri
911 4037 1007 4097 potuit.

424 4123 457 4188 ⁴7)
479 4126 654 4187 Quantopere
674 4125 813 4174 ternarius
840 4138 975 4174 numerus
994 4126 1069 4187 apud
1089 4130 1197 4173 veteres
1217 4124 1388 4177 excelluerit.
1416 4137 1514 4185 nuper-

335 4215 404 4263 rime
424 4216 533 4277 egregie
553 4214 754 4263 demonstravit
774 4215 889 4280 Usener,
910 4214 959 4264 Rh.
974 4214 1007 4266 hl,
1028 4213 1106 4261 Ll'lll
1127 4211 1216 4276 noum
1232 4227 1257 4274 p.
1272 4212 1286 4262 1
1302 4226 1352 4265 ss..
1373 4213 1513 4274 praecipue

338 4319 363 4367 p.
384 4303 401 4355 6
421 4318 443 4357 S.

425 4389 459 4454 ¹¹⁸)
481 4394 593 4454 Luetke,
614 4393 799 4456 Pherecydea,
820 4393 893 4444 Diss.
914 4393 983 4442 Gott.
1004 4390 1073 4445 1893
1093 4406 1119 4454 p.
1138 4389 1162 4442 6.
