3376 5178
692 410 911 471 -39--

306 599 384 666 Sine
410 601 509 665 dubio
541 601 680 665 eundem
705 600 854 666 Acusilai
884 601 992 683 operis
1017 600 1123 664 locum
1155 605 1303 683 spectant
1327 601 1390 664 tria

213 728 288 790 quae
312 728 398 771 nunc
421 707 610 790 prolaturus
634 730 704 772 sum
729 707 926 791 fragmenta:

304 885 404 970 reg.
428 886 485 952 aa
511 863 580 970 (25)
603 918 630 938 =
653 885 753 952 seror.
778 887 871 952 Ραο.
897 885 991 969 apra.
1017 887 1073 951 111
1095 888 1139 952 aa·
1169 885 1225 972 (13
1250 907 1334 968 aa
1357 907 1389 968 p.

213 995 279 1056 329
304 991 460 1078 Boeokh):

304 1151 391 1217 ὄιατί
414 1153 447 1217 δὲ
470 1145 671 1241 προῦτίμησε
695 1155 775 1234 (scil.
792 1155 947 1241 Κορωνὶς)
971 1153 1026 1219 τὸν
1035 1147 1138 1236 ”lexve
1161 1162 1218 1220 τοῦ
1228 1145 1390 1219 Ἁπόλλω-

212 1283 283 1339 νοςς
296 1250 538 1338 Ἀκουσίλαός
563 1281 672 1348 φησιν,
698 1257 742 1338 αἱς
757 1260 838 1325 κατὰ
855 1261 924 1339 δέος
939 1255 1124 1348 ὑπεροψίας
1144 1267 1255 1348 θνητῷ
1277 1261 1390 1348 βουλη-

212 1370 317 1430 θεῖσα
341 1379 491 1434 συνεῖναι.

305 1528 329 1580 2.
349 1526 527 1598 Ἀγησίλαος
546 1531 670 1593 plerique
697 1531 772 1593 libri;
800 1531 918 1580 correxit
938 1532 1040 1580 lloeckli
1061 1546 1076 1580 e
1096 1531 1165 1580 Gott.
1205 1531 1242 1580 Cl.
1263 1531 1325 1580 adu.
1347 1529 1389 1581 18.

350 1619 387 1683 ὡς
406 1616 477 1682 καί]
499 1620 536 1683 ὡς
555 1617 637 1683 δέους
656 1620 785 1686 ὑποψίας
804 1620 873 1672 Goii.

304 1759 535 1826 Fundamenta
551 1762 592 1826 ad
609 1762 671 1827 hoc
688 1761 903 1846 fragmentum
923 1770 1010 1828 recte
1027 1763 1273 1846 intelligendum
1297 1761 1391 1826 nobis

209 1867 293 1950 jecit
316 1865 357 1930 U.
383 1867 423 1931 de
447 1868 666 1934 Wilamowitz
691 1871 746 1953 qui
773 1871 888 1935 Eoeam
913 1870 1116 1935 Hesiodeam
1140 1867 1312 1935 Coronidis
1335 1890 1392 1932 no-

214 1974 301 2036 mine
325 1974 516 2057 inscriptam
540 1969 739 2063 1·estituit.⁸¹)
773 1976 875 2060 Apud
890 1977 1074 2042 Hesiodum
1092 1976 1230 2042 Coronis
1254 1997 1274 2041 a
1298 1981 1391 2058 patre

215 2088 331 2145 coacta
364 2083 495 2148 mortali
530 2091 696 2166 nupserat.
743 2085 909 2150 Pindarus
944 2086 1150 2149 innocentem
1181 2105 1279 2166 poena
1309 2082 1392 2147 affici

213 2188 335 2271 noluit3
364 2211 465 2272 quare
498 2192 654 2275 virginem
687 2192 850 2274 hospitem
881 2191 1079 2256 Arcadicum
1115 2192 1175 2255 deo
1208 2190 1391 2274 praetulisse

214 2301 339 2360 narrat.
372 2295 558 2380 AcusilauS,
583 2320 655 2362 cum
673 2319 804 2363 causam
828 2298 924 2362 huius
941 2299 1132 2364 concubitus
1156 2304 1291 2380 quaerat,
1314 2296 1392 2360 Pin·

214 2402 295 2467 daro
321 2408 418 2468 aetate
441 2405 687 2486 postponendus
713 2405 965 2472 demonstratur.

304 2527 476 2593 Habemus
500 2549 601 2611 quare
617 2527 809 2594 Acusilaum
828 2529 1001 2612 diligenter
1025 2530 1108 2593 hano
1124 2527 1392 2593 historiunculam

215 2635 392 2717 protulisse
411 2657 584 2700 sumamus,
621 2635 841 2720 Aesculapius
858 2639 953 2716 enim,
980 2635 1153 2701 Coronidis
1178 2642 1211 2699 et
1226 2633 1391 2718 Apollinis

215 2742 312 2821 filius,
337 2743 370 2807 in
394 2741 555 2826 Argolide
586 2744 791 2827 potissimum
823 2744 991 2808 colebatur
1023 2751 1055 2808 et
1078 2742 1267 2826 Epidaurus
1290 2741 1392 2824 Argis

216 2850 324 2915 vicina
354 2851 605 2934 praeclarissimo
633 2851 825 2934 Aesculapii
856 2851 977 2934 templo
1006 2851 1218 2933 gloriabatur.
1266 2849 1392 2913 Boeckh

216 2958 250 3021 in
275 2958 488 3022 adnotatione
512 2958 635 3023 scholio
666 2959 832 3042 adscripta
856 2981 891 3022 se
915 2959 1040 3022 nescire
1065 2955 1238 3022 confitetur
1263 2977 1327 3039 qua
1350 2955 1390 3017 de

218 3086 318 3130 causa
335 3063 508 3129 Coronidis
523 3066 556 3129 in
573 3063 771 3148 Argivorum
788 3065 885 3129 rebus
901 3066 1022 3130 mentio
1039 3065 1125 3128 iacta
1141 3065 1191 3128 sit.
1219 3064 1268 3127 At
1284 3069 1392 3126 tamen

217 3170 473 3255 genealogias
497 3168 673 3236 Acusilaus
698 3173 841 3254 scripsit!

306 3295 409 3360 Haud
441 3297 537 3361 dubie
568 3297 601 3360 in
632 3303 728 3379 gente
759 3297 867 3379 aliqua
898 3295 1178 3378 Peloponnesiaco
1209 3293 1393 3359 enarranda

217 3403 345 3470 dehac
369 3427 404 3469 re
429 3403 613 3486 fabulisque
645 3425 725 3487 quas
751 3403 815 3468 duo
839 3403 988 3487 praebent
1016 3403 1199 3484 fragmenta
1223 3402 1393 3484 sequentia

218 3512 319 3576 verba
342 3512 419 3576 fecit
443 3511 621 3576 Acusilaus
652 3511 717 3574 sive
742 3510 785 3574 ad
808 3509 917 3592 Argos
948 3511 1037 3593 ipsos
1062 3509 1245 3591 fragmenta
1269 3507 1392 3572 referas

217 3617 321 3704 (quod
337 3619 497 3701 Epidauri
513 3617 731 3700 Aesculapius
748 3622 845 3681 natus
862 3615 1079 3701 ferebatur⁸²)
1103 3617 1168 3679 sive
1186 3614 1229 3679 ad
1248 3611 1393 3678 Φωκικὸν

217 3730 307 3810 γένος
329 3725 458 3809 (Ischys
474 3724 564 3788 Elati
580 3724 716 3802 illatam,
742 3723 831 3787 urbis
848 3722 1011 3805 Phocidis,
1038 3723 1187 3806 eponymi
1203 3720 1302 3803 filius)
1327 3721 1392 3786 sive

219 3833 262 3898 ad
289 3830 481 3898 &occultabo
503 3835 593 3917 γένος
616 3828 769 3914 (Coronis
794 3830 947 3914 Phlegyae
972 3829 1122 3894 Thessali
1145 3828 1236 3914 filia).

307 4083 341 4148 81)
362 4086 436 4148 lsyll.
463 4100 488 4135 v.
508 4085 584 4148 Epid.
611 4099 636 4147 p.
656 4082 690 4134 57
712 4097 750 4134 ss
788 4084 826 4131 lle
853 4081 988 4131 Coronide
1015 4081 1048 4130 cl.
1076 4086 1210 4143 praeterea
1231 4082 1391 4136 Scliweuclr.

219 4176 268 4224 Bb.
289 4175 322 4224 M.
341 4175 377 4223 XI
397 4189 423 4237 p.
443 4173 496 4225 492
516 4188 553 4224 ss,

307 4262 339 4328 ⁸2)
361 4265 399 4314 Cl.
418 4265 501 4314 Paua.
522 4262 606 4315 1126.
627 4292 654 4299 -
676 4264 716 4312 lta
735 4261 865 4311 iudicavit
885 4262 988 4310 Boeckli
1008 4262 1035 4309 in
1056 4263 1143 4311 schol.
1164 4262 1241 4309 Pind.
1263 4261 1394 4308 editionis

218 4355 295 4416 praei.
316 4369 340 4416 p.
361 4354 415 4402 XX.
