3376 5178
679 409 898 481 -Ῑμ

199 601 217 674 d
231 613 306 695 γοῦν
317 601 558 687 Ἀκουσίλαος
573 609 625 676 διὰ
642 619 697 697 τῆς
713 609 843 698 πρώτης
859 609 1003 698 ἱστορίας
1018 609 1199 698 δεδήλωκεν,
1225 601 1275 676 δτι
1288 595 1373 694 Ἀχε-

198 717 280 802 λῷος
303 715 434 783 πάντων
456 725 521 783 τῶν
543 727 700 800 ντοτᾱμῶν
723 717 953 805 πρεσβύτατος,
986 716 1049 806 ἐ’φη
1071 717 1141 805 γάρ’
1173 709 1316 796 Ὠκεανὸς
1340 719 1373 783 δὲ
1400 734 1412 774 5

198 835 296 908 γαμεῖ
315 823 427 910 Tuder
450 823 564 890 ἑαυτοῦ
587 819 738 914 ἀδελφήν,
763 834 827 892 τῶν
850 826 883 891 δὲ
906 831 1049 912 γίνονται
1073 826 1244 912 τρισχίλιοι
1268 851 1372 891 norn-

197 935 266 1015 μοι’,
286 922 435 1019 Ἀχελῷος
458 932 491 998 δὲ
514 924 620 998 αδτιῦν
643 931 864 1020 πρεσβύτατος
885 933 940 997 καὶ
963 937 1131 1019 τετίμηται
1153 931 1305 1015 μάλιστα.

288 1113 312 1164 4.
332 1110 555 1168 ArHcIAAoc
571 1112 599 1164 P
616 1110 810 1177 Ἀκουσίλαος
829 1113 961 1178 Gronov.;
982 1115 1015 1164 cl.
1035 1115 1098 1163 adn.
1118 1113 1160 1166 18.

290 1273 335 1339 Ut
351 1274 700 1358 sumamusDidymum
716 1274 960 1358 grammaticum
975 1272 1039 1338 fide
1055 1272 1375 1358 dignissimumAcu-

200 1379 272 1444 silai
286 1380 490 1444 enuntiatum
500 1380 683 1446 adverbum
694 1402 883 1464 expressum
892 1381 986 1446 nobis
996 1401 1153 1457 servasse,
1165 1387 1286 1463 praeter
1294 1379 1375 1444 illud

200 1482 263 1573 ἔφη
278 1483 340 1573 γάρ
354 1508 415 1552 nos
439 1493 618 1552 commovet
642 1486 834 1551 elocutionis
851 1509 954 1571 genus
970 1487 1269 1569 antiquissimorum
1293 1488 1375 1551 mori

201 1593 408 1675 simillimum,
433 1615 615 1659 sermonem
631 1593 705 1658 dico
722 1594 904 1658 obsoletum
922 1600 1020 1677 etque
1038 1594 1165 1676 exilem,
1190 1593 1248 1658 sed
1264 1600 1374 1658 temen

201 1699 387 1764 dilucidum.
436 1700 581 1764 Dialecti
604 1701 726 1764 Ionicee
751 1707 840 1765 certe
863 1701 999 1784 vestigia
1025 1723 1090 1765 non
1112 1701 1293 1765 invenimus
1319 1723 1371 1764 ne-

200 1828 263 1890 que
288 1828 479 1889 quaeremus.
526 1807 657 1872 Revera
681 1807 827 1872 Acusilei
851 1807 1046 1872 sententiam
1070 1829 1142 1872 esse
1165 1815 1237 1872 arta
1260 1807 1375 1872 confir-

200 1923 309 1979 matur
344 1914 584 1979 necessitudine
618 1937 683 1998 qua
715 1937 789 1980 cum
819 1914 967 1980 Hesiodo
999 1915 1172 1978 coniuncta
1205 1922 1263 1979 est.
1310 1914 1374 1979 As-

200 2021 276 2085 creei
315 2043 427 2086 versus
463 2021 518 2104 qui
556 2022 619 2086 huc
657 2022 781 2086 faciunt
820 2026 895 2086 sunt
933 2021 981 2086 hi:
1028 2020 1129 2086 Acus
1169 2013 1313 2099 Ὠκεανὸς
1342 2020 1375 2085 δὲ

200 2139 296 2212 γαμεῖ
327 2126 436 2214 cruor
459 2161 484 2179 =
507 2127 588 2192 Hes
622 2128 683 2192 Th.
717 2132 791 2194 337.
825 2131 905 2212 3683
935 2125 1049 2193 ἑαυτοῦ
1078 2119 1220 2216 α’δελφήν
1243 2163 1269 2180 =
1292 2128 1373 2193 Hes.

201 2236 261 2300 Th.
290 2239 362 2300 133.
391 2239 468 2319 1363
491 2243 556 2300 τῶν
579 2235 612 2300 δὲ
634 2240 694 2321 γίν.
718 2235 852 2322 τρισχίλ.
878 2259 951 2300 νιοτ.
977 2269 1002 2288 =
1025 2237 1107 2300 Hes.
1125 2235 1187 2301 Th.
1205 2239 1279 2300 364.
1299 2239 1373 2300 361.

200 2341 240 2406 In
265 2343 379 2406 ultime
396 2343 556 2408 enuntiati
579 2349 673 2426 parte
697 2364 763 2407 non
779 2342 963 2407 Hesiodum
988 2343 1135 2426 seqnitur
1158 2349 1270 2407 noster
1294 2341 1372 2428 (As-

201 2471 303 2514 craeus
329 2451 413 2514 enim
438 2449 499 2514 Th.
517 2453 582 2514 340
606 2449 791 2515 Acheloum
814 2451 848 2514 in
871 2450 979 2515 medio
997 2457 1180 2515 ceterorum
1204 2449 1374 2513 fluviorum

201 2577 336 2620 numero
363 2547 570 2644 ἀργυροδίνην
600 2557 744 2640 epitheto
769 2564 961 2623 exornatum
994 2559 1247 2642 commemorat),
1278 2557 1375 2620 immo

200 2663 243 2727 ad
257 2664 439 2728 Homerum
463 2665 597 2748 propius
621 2666 749 2729 accedit
771 2663 814 2752 (Φ
834 2668 895 2730 193
914 2663 1024 2751 ss)‚³⁰)
1051 2664 1139 2748 apud
1156 2685 1252 2747 quem
1268 2662 1375 2727 Ache-

199 2770 271 2834 lous
288 2770 380 2835 iuxta
396 2763 575 2856 Oceanum,
600 2793 638 2835 ex
663 2793 727 2855 quo
752 2773 894 2837 omnium
918 2773 1061 2836 emnium
1077 2771 1279 2854 fontiumque
1305 2792 1376 2835 cur-

201 2899 255 2941 sus
279 2877 407 2942 initium
431 2878 571 2963 capiant,
596 2880 858 2961 potentissimum
876 2877 1018 2942 fluminis
1042 2899 1161 2942 numen
1180 2877 1285 2963 est.³¹)
1317 2877 1376 2940 Di-

201 2984 326 3071 dymus
356 2985 517 3049 Homeri
547 2992 781 3051 commentator
803 2986 953 3051 Acusilei
977 2985 1083 3050 locum
1107 2984 1201 3049 nobis
1226 2985 1375 3051 servavit.

288 3288 321 3356 ³⁰)
342 3291 380 3340 Cl.
407 3291 494 3340 schol.
523 3287 546 3340 Φ
567 3289 617 3343 194
643 3292 825 3356 (Zenodoti‘l):
853 3293 927 3356 τινὲς
946 3289 976 3342 δὲ
996 3291 1029 3342 οδ
1048 3291 1192 3360 γράφουσι
1212 3291 1260 3341 ιδν
1279 3291 1378 3358 στίχον

202 3381 271 3444 (scil.
285 3396 309 3431 v,
324 3378 398 3446 195),
418 3377 556 3445 θέλοντες
576 3379 689 3446 (πάντα)
710 3381 742 3446 ἐξ
760 3378 909 3447 Ἀχελῴου
924 3383 993 3450 ῥεῖν.
1014 3381 1062 3431 τὸν
1075 3380 1129 3450 γὰρ
1143 3380 1230 3430 αὐτὸν
1242 3376 1377 3431 Ὠκεανὸν

200 3467 338 3536 Ἀχελῴῳ
358 3471 454 3538 φασίν.
482 3470 656 3519 Aristarchus
670 3471 708 3520 ita
723 3485 781 3520 rem
799 3471 927 3530 instituit,
949 3476 979 3519 ut
997 3485 1032 3519 ex
1051 3471 1113 3519 eius
1132 3474 1224 3518 mente
1239 3469 1376 3518 Achelous

201 3564 276 3609 esset
289 3560 367 3628 πηγὴ
381 3563 436 3609 τῶν
449 3556 553 3609 ἄλλων
566 3559 689 3623 πάντων,
704 3559 831 3609 Oceanus
843 3574 907 3608 vero
921 3561 936 3610 δ
950 3557 1097 3623 ἐπιδιδοὺς
1109 3563 1180 3610 πᾶσι
1194 3557 1227 3609 τὰ
1241 3559 1376 3627 ῥεύματα.

202 3676 229 3683 -
250 3647 368 3698 Omnino
388 3663 444 3698 non
465 3653 516 3709 est,
537 3664 669 3699 curcum
689 3649 805 3712 Bergkio
826 3650 927 3713 (Jahrb.
949 3649 968 3703 l.
984 3649 1053 3697 Phil.
1068 3663 1094 3697 u.
1111 3649 1176 3698 Pid.
1192 3650 1244 3697 vol.
1258 3647 1289 3699 81
1308 3646 1377 3699 1860

201 3753 225 3800 p.
245 3736 307 3797 394,
327 3736 372 3805 97)
392 3743 503 3787 etcum
523 3738 618 3787 Stollio
638 3739 749 3803 (Rosch.
770 3752 792 3789 s,
812 3736 961 3805 Achelous)
981 3753 1006 3786 v.
1027 3735 1241 3788 moereamus.

289 3825 324 3890 ³¹)
346 3827 440 3889 ltaque
460 3840 515 3875 non
535 3832 639 3875 temere
658 3827 726 3875 mihi
752 3827 848 3875 videor
866 3841 977 3890 negare,
1002 3826 1164 3875 Acusilaum
1188 3827 1301 3875 omnino
1322 3840 1376 3874 non

201 3915 236 3964 ab
256 3916 375 3965 Homero
394 3916 525 3978 pendere,
546 3931 602 3978 qua
620 3929 650 3964 re
670 3916 826 3979 Bergkium‚
848 3917 865 3967 l.
882 3930 906 3966 c.
925 3930 951 3977 p.
970 3913 1032 3977 394,
1052 3913 1087 3966 96
1106 3916 1245 3965 erravisse
1265 3929 1376 3965 censen.

201 4005 289 4054 Immo
319 4005 380 4069 „die
408 4006 507 4065 altere,
537 4005 643 4054 reinere
673 3995 897 4068 Ohe1·lielerung“
926 4005 970 4053 hic
999 4005 1059 4066 ipse
1088 4010 1146 4054 erat
1176 4005 1320 4056 Homerus,
1349 4033 1376 4039 -

201 4093 290 4152 Quam
319 4095 503 4144 excellentem
529 4095 691 4158 dignitatem
720 4110 774 4144 non
804 4094 896 4143 solum
925 4094 1076 4143 Homerum
1105 4099 1187 4156 utque
1216 4094 1376 4142 Acusilaum

201 4182 321 4232 Acheloo
347 4184 480 4233 tribuisse
508 4198 543 4233 ex
569 4189 745 4247 posterorum
773 4183 884 4245 scriptis
914 4183 983 4231 sotis
1012 4184 1118 4245 elucet3
1148 4184 1181 4232 cl.
1209 4183 1267 4236 Vib.
1295 4183 1376 4244 Sequ-

201 4272 236 4320 de
249 4273 326 4322 ilum.
342 4287 363 4322 s.
377 4273 529 4322 Achelous:
552 4273 705 4338 „Achelous
720 4273 832 4322 Aetoliae
851 4273 959 4335 primus
980 4273 1108 4335 erupisse
1127 4277 1230 4321 terrem
1251 4271 1376 4322 dicitur“.

202 4361 292 4414 Schol.
313 4362 390 4412 Hom.
414 4358 508 4414 d194
527 4360 605 4429 (adn.
624 4360 669 4425 30)
690 4366 740 4414 etc.

1307 4449 1323 4499 2
