3376 5178
796 375 1015 436 -34-

405 568 446 632 Iu
470 567 653 651 fragmento
679 571 721 633 26
746 567 895 633 Acusilai
920 569 1084 633 sententia
1108 570 1226 634 ceteris
1250 569 1413 652 posterior
1437 569 1496 633 ad·

317 675 387 741 dita
404 697 474 740 esse
491 676 627 752 videtur,
650 675 739 758 quod
754 676 870 740 iterum
888 677 1050 758 repetitur
1064 678 1120 744 καὶ
1134 675 1357 764 Προμηθέως,
1382 698 1497 759 quam·

316 782 364 847 vis
387 784 491 866 patris
514 804 632 846 nomen
655 783 688 846 in
712 783 899 846 uuiversum
923 783 1138 866 anticipatum
1163 783 1215 848 sit.
1263 781 1332 848 Cur
1356 783 1398 848 ab
1422 783 1493 847 He·

317 889 409 954 siodo
433 896 546 954 noster
570 888 765 964 discesserit,
791 911 905 954 eruere
929 911 996 954 non
1020 889 1167 975 potui,⁶⁹)

404 996 571 1081 Narratio,
584 1018 683 1079 quam
695 995 754 1081 irg.
769 999 808 1060 21
825 996 967 1078 exhibet,
980 996 1137 1082 postulat,
1149 1005 1185 1062 ut
1198 997 1377 1064 Acusilans
1394 999 1495 1062 etiam

316 1102 428 1166 diluvii
452 1102 555 1187 (quod
578 1103 736 1168 Acusilao
760 1103 891 1168 aliunde
915 1104 979 1168 iam
1004 1104 1262 1169 enucleavimus:
1283 1104 1323 1170 cf.
1348 1103 1410 1188 frg.
1437 1103 1496 1189 16)

315 1209 470 1293 Iovisque
494 1210 618 1274 oraculi
642 1211 840 1275 mentionem
864 1209 994 1275 lecerit:
1018 1233 1091 1294 quae
1116 1213 1225 1276 omnia
1246 1211 1328 1276 illud
1351 1208 1393 1278 ud
1413 1213 1495 1299 περὶ

317 1321 416 1383 Δευκ.
440 1318 494 1382 καί
518 1326 557 1382 Π.
588 1316 641 1393 (cf.
674 1317 734 1404 frg.
762 1319 817 1401 16)
850 1318 938 1382 dicit.
985 1317 1027 1382 In
1058 1339 1096 1383 eo
1128 1319 1216 1401 quod
1240 1318 1426 1384 Deucalion
1460 1324 1494 1383 et

316 1421 445 1506 Pyrrha
460 1423 587 1506 lapides
611 1431 685 1508 post
710 1446 743 1490 se
767 1425 928 1490 iactantes
945 1425 1092 1490 homines
1108 1427 1317 1505 creavissent,
1342 1426 1495 1492 Hesiodo

315 1529 405 1594 fonte
430 1552 508 1595 usus
533 1537 583 1596 est
606 1530 840 1618 Acnsilauaw)

404 1712 504 1797 Frg.
528 1713 586 1777 22
610 1711 682 1797 (19)
706 1744 732 1763 =
755 1711 905 1796 Apollod.
931 1713 967 1776 ll
990 1710 1103 1796 26:⁷¹)

404 1862 511 1938 Αὗται
542 1872 625 1958 (scil.
651 1876 811 1958 Λυσίππη
842 1872 896 1935 καί
925 1862 1046 1958 Ἰφινόη
1075 1872 1130 1936 καὶ
1153 1863 1358 1960 Ἰφιάνασσα)
1390 1872 1423 1937 δὲ
1447 1865 1495 1950 ὥς

315 1978 562 2067 ἐτελειώθησαν,
592 1977 763 2066 ἐμάνησαν,
794 1971 838 2055 ὥς
867 1978 926 2061 μέν
947 1971 1091 2056 Ἡσίοδός
1115 1998 1214 2067 φησιν
1242 1979 1317 2065 (lrg.
1342 1981 1409 2065 27),
1440 1975 1492 2046 ότι

315 2087 374 2166 τὰς
410 2087 568 2153 Διονύσου
603 2086 734 2164 τελετὰς
770 2078 806 2151 οὗ
840 2084 1054 2168 κατεδέχοντο,
1096 2079 1140 2164 ὡς
1170 2086 1204 2152 δὲ
1238 2079 1495 2165 Ἀκουσίλαος

314 2197 414 2281 λέγει,
450 2194 533 2260 διότι
567 2193 605 2261 τὸ
639 2202 695 2282 της
723 2189 826 2281 Ἥρας
861 2192 972 2272 ξόανον
1008 2191 1217 2281 ἐξηυτέλισαν.
1256 2192 1424 2278 γενόμεναι
1458 2195 1492 2260 δὲ

287 2304 468 2386 οέμμανεῖς
491 2299 678 2367 ἐπλανῶντο
708 2293 770 2366 οἷνὰ
801 2299 857 2388 τὴν
879 2292 1033 2388 Ἀργείαν
1065 2295 1207 2379 όιτασαν,
1242 2290 1342 2379 αὖθις
1373 2301 1406 2366 δὲ
1435 2301 1495 2388 τὴν

314 2400 490 2497 Ἀρκαδίαν
520 2408 711 2473 διελθοῦσαι
741 2399 812 2490 μετ’
841 2399 1000 2490 α’κοσμίας
1029 2400 1161 2494 ὁπόσης
1191 2407 1243 2473 διὰ
1275 2417 1331 2496 της
1360 2405 1496 2496 ἐρημίας

316 2514 494 2605 ἐτρόχαζον.

405 2676 488 2742 Cum
528 2677 665 2741 diversa
704 2675 825 2740 furoris
871 2698 978 2741 causae
1017 2676 1147 2742 traditae
1188 2677 1253 2741 sint
1291 2700 1491 2760 quaeramuS,

315 2806 417 2867 quare
453 2790 566 2848 noster
601 2782 708 2868 (cuius
736 2789 845 2848 tamen
878 2783 1042 2848 sententia
1069 2804 1134 2847 non
1170 2782 1211 2847 ab
1239 2805 1277 2848 eo
1308 2806 1373 2848 nno
1409 2806 1494 2867 prae·

314 2889 459 2975 bernw)
483 2890 524 2954 ab
540 2889 689 2954 Hesiodo
715 2889 912 2954 discesserit.
950 2890 1086 2953 Poetam
1104 2888 1247 2953 fabulam
1272 2891 1304 2953 in
1322 2889 1493 2974 Catalogis

313 3019 466 3064 narrasse
505 2996 648 3080 probant
686 2997 756 3061 eius
795 2996 980 3081 fragmenta
1022 2999 1164 3061 26-29.
1223 2997 1384 3062 Nimirum
1425 2997 1488 3062 Ar-

401 3244 435 3310 69)
456 3248 617 3297 Acusilaum
644 3247 771 3309 sequitur
789 3248 876 3296 Tzetz.
897 3249 957 3311 Lyc.
979 3246 1048 3298 1283
1069 3247 1112 3311 (ci.
1132 3248 1229 3296 hesch.
1251 3248 1341 3297 Proin.
1360 3247 1412 3308 554
1430 3249 1490 3312 ss).

314 3339 352 3387 lle
365 3338 449 3386 variis
463 3337 560 3386 matris
575 3336 734 3385 nominihus
748 3338 781 3385 cl.
795 3337 1013 3386 Preller-itohert
1026 3338 1043 3385 l.
1057 3352 1080 3389 c.
1095 3351 1119 3400 p.
1134 3336 1177 3396 84,
1198 3337 1222 3386 2.
1244 3337 1322 3386 Stura
1336 3339 1352 3386 l.
1367 3339 1383 3387 l.
1397 3353 1422 3400 p.
1437 3337 1491 3389 224

313 3424 413 3491 Ἀσίας
432 3440 481 3488 pro
501 3422 639 3491 Ἡσιόνης
666 3440 717 3474 nos
744 3427 866 3475 scrihere
895 3426 979 3486 iubet,
1006 3427 1139 3488 quoniam
1159 3427 1281 3476 llesiona
1306 3431 1333 3476 et
1358 3428 1424 3476 Asia
1442 3428 1493 3478 illa

314 3516 443 3565 Herodoti
457 3516 564 3564 eaedem
579 3516 648 3564 sint:
669 3516 829 3565 coniectura
847 3529 911 3577 quae
930 3515 1005 3564 omni
1026 3516 1206 3564 fundamento
1226 3520 1309 3567 earet.
1330 3543 1357 3550 -
1379 3515 1491 3566 Scholia

313 3605 400 3667 Apoll.
420 3604 470 3653 Rh,
496 3605 525 3652 Γ
547 3601 617 3654 1086
643 3604 723 3652 nisus
748 3603 826 3652 Stura
852 3618 901 3666 pro
929 3608 1075 3667 „corrupto
1095 3604 1223 3653 nomine“
1252 3601 1398 3672 Προνείης
1423 3605 1489 3668 legit

312 3690 481 3761 Πανδώρας.
502 3720 529 3728 -
550 3693 589 3742 Cf.
605 3693 729 3755 Apollod.
750 3690 835 3753 1123,
856 3707 912 3755 quo
932 3693 994 3741 loco
1008 3692 1138 3756 Clymene
1158 3697 1184 3740 et
1196 3693 1320 3742 Hesiona
1338 3695 1372 3742 de
1392 3695 1491 3744 matris

312 3783 445 3845 dignitate
465 3764 536 3831 inter
555 3796 586 3831 se
605 3787 719 3832 certant.

401 3869 434 3934 ⁷⁰)
454 3872 520 3922 Hes,
541 3873 588 3935 lug.
610 3869 670 3932 115,
692 3871 828 3934 l1·g.2ss.
850 3873 965 3932 Usener,
992 3871 1209 3934 Sintiluthsagen
1229 3885 1255 3933 p.
1275 3869 1317 3922 32.
1336 3869 1380 3926 35.
1401 3901 1428 3908 -
1450 3873 1489 3926 Cf.

209 3979 212 3985 ·
313 3962 437 4023 Apollod.
458 3961 468 4008 l
488 3959 536 4019 48;
558 3962 624 4025 llyg.
645 3976 670 4023 p.
691 3957 772 4028 ass-27
794 3960 900 4023 Schm.;
921 3961 999 4010 Diod.
1019 3961 1030 4009 l
1050 3958 1092 4020 10,
1112 3960 1137 4010 4.

401 4047 433 4110 Ή)
454 4050 491 4099 Cl.
512 4051 607 4111 Bethe,
627 4051 710 4101 Theb.
732 4052 819 4100 Heldl.
841 4049 981 4113 p.173s

401 4134 433 4202 ⁷²)
454 4140 636 4202 Lepidissime
656 4141 727 4189 hane
747 4141 870 4189 fabulam
890 4139 1011 4188 narravit
1030 4139 1211 4202 Bacchylides
1225 4140 1247 4187 X
1261 4137 1295 4189 43
1309 4153 1347 4189 ss
1367 4139 1405 4188 Cl.
1420 4153 1490 4201 prae·

311 4233 388 4278 terea
413 4230 526 4278 Pherae.
553 4230 602 4292 irg.
624 4228 657 4279 24
685 4231 783 4293 (schol.
805 4230 883 4279 llom.
910 4227 1022 4291 0225„
1049 4229 1130 4277 Proh.
1151 4228 1177 4276 in
1197 4228 1275 4292 Verg.
1296 4229 1365 4277 Buca
1386 4226 1487 4291 u148;

313 4319 387 4367 Serv.
407 4319 485 4380 Verg.
508 4319 563 4368 Ecl.
585 4319 617 4368 Vl
637 4318 685 4381 483
706 4321 794 4369 schol.
817 4318 882 4370 Stat.
903 4319 987 4369 Theb.
1008 4315 1124 4369 111453.
