3376 5178
770 397 989 458 „74-

294 595 405 654 cuturn
429 611 510 654 esse.
557 588 661 652 Immo
678 594 753 651 tam
776 589 856 652 artis
884 589 1133 654 necessitudinis
1158 585 1292 652 vinculis
1317 594 1467 652 auctores

294 696 429 760 connexi
454 703 539 780 sunt,
563 701 601 759 ut
623 695 786 758 interdum
812 715 923 758 eorum
944 696 1083 760 societas
1108 695 1158 759 vel
1181 696 1213 758 iu
1239 696 1465 760 emendatione

294 801 517 867 confirmanda
541 823 599 866 nos
623 801 779 865 adiuvare
803 802 906 884 possit
931 801 1026 884 (frgg.
1052 805 1071 864 8
1096 801 1162 886 36).

381 917 454 982 Iam
478 939 554 981 vero
578 938 656 982 casu
679 916 800 980 factum
825 938 896 981 esse
921 937 985 980 uon
1009 924 1128 1000 potest,
1161 924 1197 982 ut
1220 915 1369 981 Acusilai
1393 939 1463 982 sen—

293 1026 397 1088 tentia
419 1025 451 1088 in
476 1023 695 1106 quadraginta
725 1045 797 1106 quae
821 1022 915 1088 uobis
947 1030 1067 1106 praesto
1100 1037 1175 1088 sunt
1199 1024 1390 1107 fragmentis
1414 1031 1466 1088 ter

294 1137 326 1194 et
355 1132 453 1195 vicies
483 1129 537 1218 (nc
562 1131 667 1195 dicam
691 1127 824 1215 saepius)
856 1152 928 1194 cum
951 1130 1120 1195 Hesiodea
1151 1132 1325 1214 conjuncta
1349 1132 1391 1195 sit
1414 1131 1466 1194 vel

292 1243 422 1320 poetam
446 1238 608 1320 respiciat.
655 1237 770 1318 Immo,
802 1238 861 1300 vir
894 1238 1032 1302 doctus
1061 1237 1254 1320 quondam
1282 1244 1465 1301 auctores

293 1344 474 1408 consulto
505 1345 610 1408 inter
641 1365 680 1408 se
713 1365 961 1426 comparasse
994 1364 1039 1407 ac
1072 1345 1339 1426 composuisse
1364 1344 1465 1407 vide-

292 1458 357 1514 tur
381 1448 445 1532 (Of.
469 1451 617 1533 inprimis
640 1450 722 1534 frgg.
748 1453 767 1513 6
795 1453 834 1514 18
859 1454 900 1514 29
926 1449 995 1534 31.)
1055 1449 1227 1533 Quomodo
1261 1452 1345 1514 enim
1369 1451 1465 1514 aliter

291 1556 373 1620 illud
391 1557 578 1639 explicabis,
596 1557 683 1639 quod
700 1557 823 1638 posteri
838 1547 1031 1621 Acusilaum
1047 1594 1086 1604 -
1101 1559 1292 1640 scriptorem
1306 1564 1394 1622 certe
1407 1577 1465 1641 per

293 1684 328 1728 se
351 1685 415 1728 nou
433 1665 637 1728 notissimum
655 1664 775 1726 -hac
799 1664 1026 1746 conjunctione
1051 1664 1276 1747 dignaverunt,
1298 1664 1374 1727 dum
1391 1685 1463 1727 eum

293 1770 456 1834 rarissime
482 1791 554 1834 cum
578 1769 650 1834 aliis
675 1771 864 1834 auctoribus
888 1770 1041 1833 collatum
1065 1771 1268 1835 invenimus?
1297 1770 1466 1835 Praeterea

293 1874 335 1938 ad
351 1876 385 1939 id
401 1877 543 1940 animum
561 1877 713 1941 advertas
738 1877 824 1959 quod
848 1877 882 1939 in
906 1876 1070 1940 nonnullis
1095 1876 1285 1958 fragmentis
1302 1877 1465 1940 sententia

293 1982 394 2048 allata
415 2004 572 2065 nusquam
591 1983 654 2046 uisi
678 1983 764 2066 apud
782 1983 965 2048 Hesiodum
984 1990 1016 2046 et
1028 1981 1221 2048 Acusilaum
1233 1984 1352 2066 legitur
1369 1982 1463 2066 (frgg.

296 2093 334 2153 18
353 2093 418 2171 31),
443 2091 563 2172 quippe
588 2112 652 2172 qua
665 2111 700 2153 re
725 2089 897 2154 verisimile
918 2089 1084 2169 reddatur,
1102 2089 1183 2154 alios
1203 2098 1362 2171 auctores,
1388 2090 1465 2154 licet

292 2197 376 2259 idem
409 2197 593 2282 habuerint,
619 2217 658 2260 ex
682 2203 858 2279 conspectu
883 2196 1013 2279 abiisse,
1037 2197 1141 2260 nostri
1166 2218 1241 2260 vero
1267 2198 1462 2279 opinionem,

293 2303 379 2386 quod
404 2325 476 2367 cum
492 2303 660 2368 Hesiodea
684 2303 783 2367 fuerit
807 2325 963 2386 connexa,
981 2325 1082 2386 usque
1107 2303 1148 2366 ad
1173 2304 1259 2368 huuc
1284 2305 1368 2368 diem
1393 2326 1463 2368 esse

293 2416 463 2474 servatam.
512 2410 575 2474 Oui
598 2410 831 2482 necessitudini
868 2411 998 2474 omnino
1030 2411 1186 2474 maiorem
1209 2410 1464 2492 fragmentorum

291 2538 460 2580 numerum
486 2516 650 2582 debemus.

380 2633 576 2715 Priusquam
613 2633 675 2696 hoc
710 2638 808 2714 caput
844 2632 1089 2711 concludamuS,
1131 2640 1234 2697 restat
1269 2640 1305 2697 ut
1341 2640 1464 2698 statua-

291 2761 362 2802 mus
387 2761 536 2820 quaenam
569 2737 747 2816 „Hesiodi“
782 2739 927 2802 carmina
957 2745 1069 2802 noster
1100 2740 1299 2821 expresserit
1334 2739 1385 2803 vel
1414 2761 1464 2802 re-

292 2847 455 2927 spexerit:

385 2963 584 3044 θεογονίαε
609 2960 692 3044 frgg.
720 2964 734 3025 1
763 2965 782 3025 2
807 2964 827 3026 3
851 2960 923 3047 40)
948 2964 967 3025 6
993 2964 1010 3025 7
1036 2963 1056 3024 8
1081 2966 1100 3026 9
1128 2966 1164 3026 11
1194 2965 1234 3026 13
1259 2965 1300 3026 25
1326 2962 1406 3046 (39).

332 3076 336 3086 '
381 3074 619 3161 Κατάλογοι,
645 3071 845 3161 ΉοῑαιιῙΜ)
861 3076 942 3160 frgg.
964 3079 1002 3143 17
1023 3079 1062 3141 19
1077 3076 1234 3162 (Aegim.)
1248 3081 1342 3142 2021
1359 3077 1463 3158 22155)

292 3182 385 3267 aad)
409 3185 449 3247 27
476 3186 518 3247 28
543 3187 584 3247 29
610 3186 652 3248 30
677 3186 718 3246 32
743 3183 836 3268 33(2)
860 3181 929 3270 (36)
954 3183 1024 3268 (37)
1049 3188 1129 3270 (38).

380 3297 553 3383 Μεγάλαι
575 3290 710 3363 ’Helua
736 3299 817 3382 frgg.
844 3303 862 3363 5
887 3303 929 3363 23
954 3302 1005 3364 31.

380 3416 458 3499 Frg.
486 3418 541 3479 18:
573 3415 713 3480 Hesiodi
748 3413 915 3499 Gatalogis
946 3415 1165 3480 verisimiliter
1195 3416 1321 3480 addixit
1345 3417 1463 3480 Kiroh·

291 3521 367 3606 hoff,
385 3520 520 3606 Odyss²
535 3544 567 3605 p.
586 3525 659 3601 328,
685 3522 798 3586 Rzach
814 3522 958 3606 Aigimio
975 3523 1099 3587 tribuit.
1124 3560 1167 3568 —
1192 3523 1267 3606 Frg.
1287 3527 1344 3588 34:
1366 3521 1463 3611 Cata·

291 3629 357 3712 logi
380 3630 519 3712 primum
548 3628 820 3712 deprehendimus
853 3629 1063 3711 sententiau13
1095 3631 1243 3711 sequitur
1266 3629 1462 3714 Magnarum

291 3735 446 3800 Eoearum
477 3735 577 3799 locus.
618 3773 658 3782 ·-
697 3735 776 3818 Frg.
813 3738 854 3800 35
891 3741 1013 3800 certam
1048 3735 1214 3800 inserendi
1250 3757 1362 3801 ausam
1397 3760 1463 3801 non

291 3843 424 3925 praebet.
563 3843 564 3846 ’

379 4056 426 4124 154)
446 4059 635 4107 Discernenda
653 4063 732 4108 sunt:
754 4054 855 4120 Ἠοῖαι,
875 4054 1061 4125 Κατάλογοι.·
1079 4055 1217 4126 Μεγάλαι
1231 4056 1337 4122 Ἠοῖαι,
1358 4060 1383 4107 F.
1400 4060 1462 4116 Leo,

291 4149 436 4208 Hesiodea,
457 4147 515 4197 lud.
535 4149 621 4196 schol.
642 4161 710 4196 sem.
730 4152 791 4196 rest.
811 4145 880 4199 1891
900 4147 969 4200 Gott.

379 4235 423 4299 155)
444 4237 489 4286 Sic
508 4233 624 4298 Rzach²;
650 4237 743 4295 Bethe,
764 4236 848 4286 Theb.
869 4237 958 4285 lleldl.
984 4251 1009 4298 p.
1030 4237 1090 4289 174.
1129 4238 1319 4299 llelampodize
1339 4238 1463 4300 assigna·

290 4331 352 4372 runt
372 4327 420 4388 lrg.
441 4324 475 4377 22
495 4326 701 4374 llarckscbelfel
721 4331 748 4374 et
767 4326 912 4374 Ruhnken.
946 4354 948 4357 .
