3376 5178
795 380 1088 460 -sn--'

316 591 474 654 terminus
497 596 684 672 postquem
701 590 815 654 ultima
833 591 942 655 saeculi
959 594 1041 656 sexti
1066 593 1223 658 decennia
1241 595 1393 660 habenda
1417 607 1490 660 sunt

316 697 356 779 (v,
375 696 484 781 infra).
518 696 734 778 Angustiores
758 697 839 762 fines
864 699 959 763 nobis
984 701 1152 765 constituit
1175 701 1306 784 Ioseph.
1332 726 1358 769 c.
1383 701 1449 786 Ap.
1474 704 1491 767 I

316 825 385 886 cap.
411 807 486 882 26
519 805 565 883 (et
590 824 629 867 ex
653 825 691 868 eo
715 805 835 868 Euseb.
869 826 969 887 praep.
995 827 1042 870 ev.
1068 808 1105 870 X
1130 811 1146 871 ί
1173 829 1203 889 p.
1229 811 1293 874 478
1319 809 1412 893 ABp
1461 807 1490 872 ολ

315 919 430 991 μέντοι
448 909 508 987 τάς
528 909 674 996 ἱστορίας
690 907 949 998 ἐπιχειρήσαντες
969 913 1167 1001 συγγράφειν
1183 905 1382 998 παραότοῑς,
1406 916 1489 1001 λέγω

316 1016 347 1080 δὲ
372 1016 447 1094 τοὺς
461 1017 538 1103 περὶ
554 1015 683 1099 Κάδμον
702 1041 738 1082 τε
754 1015 808 1083 τόν
831 1017 989 1105 Μιλήσιον
1004 1021 1060 1084 καὶ
1075 1019 1129 1086 τὸν
1152 1013 1298 1105 Ἀργεῖον
1320 1013 1490 1088 ’Λκοοσί-

315 1125 419 1202 λαον,
443 1125 497 1189 καὶ
519 1123 602 1206 μετὰ
619 1132 732 1190 τοῦτον
755 1123 788 1190 εἲ
807 1149 892 1202 τινες
907 1119 1000 1191 άλλοι
1021 1127 1166 1211 λέγοντες
1182 1132 1346 1212 γενέσθαι,
1370 1130 1490 1214 βραχὺ

316 1239 357 1316 τι]
363 1255 380 1307 ς
403 1240 557 1316 ΙΙερσιῡν
581 1229 646 1297 ἐπὶ
670 1231 735 1318 τὴν
756 1223 867 1296 ‘nitor'
873 1232 916 1296 δα
933 1238 1140 1317 στρατείας
1163 1242 1214 1319 τῷ
1235 1234 1357 1322 χρόνῳ
1373 1230 1490 1320 προό-

315 1338 437 1421 ίκιβον.
467 1336 572 1422 Quem
596 1350 703 1403 tamen
722 1338 827 1402 locum
851 1361 917 1405 non
940 1341 986 1405 ita
1003 1341 1302 1424 interpretabimur,
1328 1350 1364 1406 ut
1388 1365 1427 1406 ex
1452 1364 1489 1407 eo

315 1446 490 1526 eliciamus,
516 1444 707 1510 Acusilaum
723 1446 832 1527 paullo
857 1453 932 1511 ante
949 1469 1069 1511 annum
1094 1450 1158 1512 480
1176 1449 1354 1532 scripsisse.
1384 1449 1489 1513 Immo

314 1553 457 1634 Iosepho
489 1553 550 1616 hoc
583 1575 701 1617 annum
732 1555 797 1616 480
829 1553 917 1634 qnod
951 1554 1123 1618 vernaculo
1157 1576 1304 1619 sermone
1336 1578 1489 1621 vocamus

317 1659 589 1743 „Epochenjahr²‘
623 1660 722 1724 fuisse
754 1659 882 1723 videtur
912 1661 1009 1742 (sicut
1041 1662 1137 1725 etiam
1162 1662 1322 1745 Dionysio
1347 1685 1375 1727 a.
1401 1665 1487 1745 431).

316 1769 482 1849 Antiquus
507 1768 592 1830 enirn
616 1766 832 1848 chronologus
856 1767 989 1849 quidam
1013 1768 1166 1850 (tortasse
1184 1769 1422 1848 Eratosthenes
1438 1769 1489 1834 vel

315 1874 539 1957 Apollodorus
562 1873 791 1959 Atheniensis)
820 1873 1013 1938 Acusileum
1037 1874 1183 1957 aliosque
1208 1875 1381 1940 historicos
1406 1877 1489 1940 anti·

315 1982 456 2063 quiores,
487 2002 624 2063 quorum
649 1987 728 2046 aetas
752 2002 818 2045 non
842 1981 938 2062 plane
964 1981 1098 2045 delinita
1123 1987 1201 2062 erat,
1227 1989 1352 2046 certum
1376 1983 1407 2046 in
1433 2005 1488 2046 an-

315 2110 390 2151 unm
416 2089 542 2152 rettulit
572 2088 646 2170 (hoc
671 2089 755 2152 enim
786 2087 848 2152 fuit
872 2087 1144 2169 chronologorum
1177 2096 1323 2152 veterum
1355 2110 1489 2154 consue-

313 2195 416 2278 tudo).
448 2195 540 2261 Nihil
562 2194 663 2278 igitur
687 2216 726 2258 ex
742 2193 876 2276 Iosephi
899 2194 970 2258 loco
995 2195 1189 2258 concludere
1214 2195 1291 2259 licet
1315 2195 1377 2260 nisi
1400 2196 1488 2278 quod

314 2302 511 2385 chronologo
539 2302 596 2366 illo
627 2301 734 2366 iudice
758 2299 935 2366 Acusilaus
965 2302 1059 2365 initio
1091 2301 1201 2365 saeculi
1232 2303 1337 2384 quinti
1361 2301 1488 2384 floruit3

314 2430 415 2490 quare
448 2417 615 2473 auctorem
646 2416 793 2473 nostrum
822 2408 1031 2472 Herodotum
1067 2408 1282 2472 antecessisse
1318 2430 1382 2472 non
1418 2409 1487 2472 sine

313 2516 402 2597 gravi
428 2537 527 2580 causa
550 2514 685 2580 iudices.
732 2516 849 2598 Neque
881 2521 1051 2597 repugnat,
1083 2515 1180 2579 immo
1212 2515 1384 2578 confirmat
1407 2515 1488 2579 iudi-

314 2624 398 2686 cium
437 2623 568 2706 Ioseph.
613 2644 640 2687 c.
675 2622 740 2705 Ap.
772 2621 791 2684 I
822 2643 892 2705 cap.
926 2624 962 2686 3:
995 2671 1001 2685 .
1029 2673 1069 2690 ..
1102 2620 1267 2703 διδάσκων,
1311 2615 1379 2685 ὅσα
1402 2620 1487 2703 ,μὲν

312 2722 529 2806 Ἑλλάνικος
562 2722 799 2814 Ἀκουσιλάῳ
835 2729 924 2815 περὶ
959 2736 1033 2793 τῶν
1063 2730 1318 2813 νενεαλογιιῦν
1353 2727 1487 2793 διαπε-

314 2837 500 2924 φιόνηκεν,
525 2831 586 2902 όσα
609 2835 642 2901 δὲ
665 2835 856 2923 διορθοῦται
887 2833 943 2901 τὸν
965 2833 1109 2900 Ἡσίοδον
1130 2826 1343 2912 Ἀκουσίλαος,
1374 2829 1394 2922 ἢ
1415 2838 1488 2899 τίνα

313 2943 433 3028 τρόπον
451 2939 593 3033 Ἔφορος
607 2943 666 3025 μὲν
679 2936 861 3008 Ἑλλάνικον
880 2940 913 3008 ἐν
928 2954 998 3020 τοῖς
1009 2943 1176 3019 πλείστοις
1193 2940 1389 3026 ψευδόμενον
1413 2940 1487 3006 ε’πι-

313 3053 478 3133 δείκνοσιν,
496 3045 636 3139 Ἔφορον
658 3050 691 3116 δὲ
711 3054 842 3134 Τίμαιος
866 3051 920 3115 καὶ
947 3054 1081 3132 Τίμαιον
1103 3047 1134 3114 οἱ
1158 3042 1228 3131 μετ’
1253 3046 1371 3114 ἐκεῖνον
1393 3072 1486 3133 γεγο-

312 3161 410 3242 νότες,
433 3153 599 3247 Ἡρόδοτον
622 3158 655 3224 δὲ
670 3157 798 3236 πάντες.
834 3159 1042 3223 Hellanicum
1059 3159 1158 3240 igitur
1182 3160 1289 3239 (quem
1309 3178 1357 3222 ca.
1374 3178 1403 3221 a.
1422 3159 1486 3220 454

313 3277 424 3334 natum
442 3290 513 3333 osso
529 3268 653 3332 iudicat
669 3267 710 3334 U.
728 3267 768 3331 de
784 3263 1065 3345 Wilamowitz¹⁶⁶l
1088 3272 1162 3347 post
1178 3263 1370 3328 Acusilanm
1387 3266 1486 3346 scrip-

313 3379 393 3441 sisse
417 3381 555 3458 apparet
579 3396 618 3438 ex
642 3374 812 3438 sententiae
836 3373 962 3436 ratione
987 3378 1085 3454 atque
1110 3378 1265 3436 contextu

402 3481 604 3566 Scriptorum
636 3481 736 3563 igitur
758 3479 819 3543 loci
851 3499 910 3542 nos
935 3483 1079 3542 statuere
1113 3477 1297 3543 concedunt
1320 3484 1484 3541 auctorem

311 3592 416 3674 primo
441 3589 560 3654 saeculo
584 3588 696 3670 quinto
721 3584 880 3649 floruisse.
926 3583 1019 3648 Idem
1048 3585 1196 3667 sequitur
1221 3606 1259 3648 ex
1283 3583 1484 3665 fragmentis.

312 3698 364 3760 Ex
387 3696 449 3779 frg.
474 3700 514 3760 27
549 3693 715 3758 evidenter
738 3697 886 3777 apparet,
918 3689 1110 3756 Acusilaum
1135 3691 1223 3756 illam
1250 3689 1422 3754 Coronidis
1440 3689 1485 3752 f-

313 3806 421 3870 bnlam
438 3826 502 3868 non
520 3808 595 3868 ante
613 3823 732 3865 annum
749 3803 813 3864 474
828 3799 996 3881 scripsisse
1007 3799 1086 3883 (quo
1099 3820 1184 3863 anno
1202 3819 1333 3862 carmen
1348 3797 1484 3861 Pindari

312 3911 409 3996 Pyth.
423 3909 481 3974 ΙΙΙ
489 3910 523 3972 in
535 3907 701 3992 publicum
711 3905 901 3990 prodiitffl).
928 3905 1023 3989 Quod
1033 3903 1350 3970 confirmaturetiam
1359 3904 1419 3985 frg.
1430 3906 1481 3966 36.

312 4020 390 4102 Frg.
416 4019 474 4081 33:
499 4014 721 4080 Stesichorum
739 4035 786 4078 ca.
805 4037 834 4078 a.
851 4015 1027 4076 clo-550
1042 4012 1192 4076 floruisse
1209 4012 1322 4076 dicunt
1338 4011 1484 4074 hominos

312 4124 409 4190 flocti.
456 4123 568 4186 Facile
593 4144 632 4186 ex
656 4143 693 4185 eo
718 4128 830 4186 noster
853 4120 984 4184 haurire
1008 4126 1146 4202 poterat.
1180 4156 1216 4166 —
1250 4118 1350 4201 Frgg.
1383 4124 1397 4181 1
1430 4120 1483 4180 16:

312 4231 417 4312 Plato,
436 4251 531 4312 quem
555 4231 729 4296 427-347
756 4229 872 4292 vixisse
897 4232 1035 4306 constat,
1060 4225 1208 4290 Acusilai
1234 4247 1314 4307 opus
1339 4225 1438 4288 novit,

400 4353 445 4418 ¹⁶⁶)
466 4359 557 4406 Herm.
578 4357 613 4404 xl
633 4354 694 4407 294.

401 4445 446 4514 ¹⁶⁷)
466 4443 580 4498 Sitzber.
600 4441 625 4494 d.
645 4441 717 4495 Berl.
738 4441 791 4494 Ak.
813 4443 880 4497 1901
900 4458 926 4508 p.
948 4440 1017 4495 1296
1037 4456 1057 4492 s.
