3376 5178
800 396 1018 457 ..22-

611 595 924 653 FENEHAOFIEN
946 598 1130 655 BlanoN
1154 590 1198 658 Γ.

405 749 505 834 Frg.
529 749 580 813 12
604 748 733 832 (Muell.
766 748 868 814 FHG
890 751 909 814 I
933 773 963 834 p.
990 751 1195 818 XXXVIII
1219 776 1251 820 n.
1286 754 1318 837 7)
1342 787 1367 804 =
1393 755 1492 820 schol.

320 856 413 920 Hom.
445 863 474 918 Ψ
493 858 559 921 296
587 857 684 925 loct:

405 971 658 1057 Ἀκουσίλαος
681 977 713 1045 ἐν
736 985 834 1067 τρίτῳ
850 983 1060 1066 χενεαλογαῦν
1076 981 1185 1069 κύριον
1200 975 1315 1071 ἤκουσε
1331 983 1368 1050 τὸ
1387 977 1493 1067 „hrae-

317 1086 445 1162 aiolo&
473 1080 584 1163 οὕτως·
612 1085 824 1170 ,,Κλεωνύμοο
847 1079 1039 1176 δ”Αχχίσης
1064 1097 1122 1152 τοῦ
1146 1089 1178 1154 δὲ
1202 1083 1412 1172 Ἐχέπωλος.ιι
1439 1093 1492 1156 καὶ

319 1192 493 1279 Φερεκύδης
516 1191 548 1258 ἐν
571 1201 618 1280 τῷ
640 1198 748 1280 τρίτῳ·
781 1193 991 1278 ῃΚλεαίνομος
1014 1195 1047 1260 δὲ
1071 1188 1088 1260 d
1112 1198 1259 1275 Πέλοπος
1283 1190 1360 1284 ρ’ίκει
1383 1200 1492 1263 Κλεω-

316 1310 388 1388 νῇσι
418 1299 675 1389 καταστήσαντος
697 1293 849 1386 Ἀτρέως,
883 1311 940 1366 τοί
972 1302 1005 1368 δὲ
1036 1307 1160 1386 γίνεται
1183 1295 1347 1392 Ἀγχίσης,
1379 1315 1436 1370 τοῦ
1460 1305 1493 1370 δὲ

290 1430 303 1470 a
317 1399 526 1489 Ἑχὲντωλος,“

406 1535 458 1596 Ex
482 1533 604 1597 scholio
628 1533 661 1597 A
692 1526 915 1622 (Ἀγχισιάδης
948 1527 1137 1621 Ἐχέπωλος]
1170 1530 1221 1600 ὅτι
1252 1529 1366 1623 ἄδηλον
1397 1547 1493 1602 ττοῑον

317 1638 354 1705 τὸ
376 1638 485 1726 κύριον
509 1632 617 1722 ὄνομα,
641 1640 761 1722 μᾶλλον
784 1640 818 1705 δὲ
840 1640 879 1706 τὸ
901 1633 1099 1727 Ἐχέπωλος)
1124 1645 1188 1708 iam
1205 1643 1390 1708 Aristarchi
1414 1652 1492 1708 tem-

317 1749 452 1831 poribus
467 1748 736 1830 disceptationem
753 1750 916 1814 exstitisse
933 1760 1087 1833 apparet3
1112 1773 1260 1833 quaenam
1277 1751 1378 1815 fuerit
1395 1753 1493 1816 etiam

318 1855 417 1922 schol.
435 1854 514 1924 Tul.
532 1877 591 1920 nos
616 1856 721 1924 docet.
755 1856 801 1920 Ut
826 1858 977 1940 suspicio,
1002 1848 1187 1938 Ἐχέπωλος
1210 1859 1281 1922 voci
1304 1859 1413 1940 potius
1437 1881 1493 1922 no-

317 1963 413 2026 minis
451 1963 576 2045 proprii
607 1964 670 2025 vim
710 1985 780 2027 esse
819 1963 1072 2045 attribuendam,
1108 1963 1287 2047 probabilis
1325 1965 1492 2043 reddatur,

318 2068 465 2133 Acusilai
497 2083 528 2133 et
559 2069 758 2154 Pherecydis
789 2077 1017 2154 proponuntur
1045 2073 1232 2136 testimonia
1255 2094 1327 2155 quae
1356 2073 1390 2135 in
1421 2073 1493 2155 ipsa

322 2175 513 2258 genealogia
548 2174 714 2240 afferenda
747 2179 844 2261 plane
879 2179 966 2242 inter
998 2200 1032 2242 se
1063 2179 1280 2243 consentiunt.
1327 2177 1493 2244 Auctores

317 2290 437 2366 prater
460 2283 641 2347 Homerum
665 2322 709 2328 -
733 2307 805 2349 eum
831 2285 858 2349 si
882 2285 1012 2349 omnino
1036 2286 1216 2368 respiciunt
1240 2323 1280 2331 -
1307 2285 1492 2350 etiamalio

319 2409 357 2452 ex
381 2389 471 2453 fonte
489 2389 678 2469 hauserunt,
704 2391 823 2474 quippe
848 2413 920 2455 cum
938 2391 1108 2474 Cleonymi
1122 2412 1242 2455 nomen
1258 2392 1345 2476 apud
1361 2400 1493 2475 poetam

317 2517 383 2559 non
406 2496 544 2581 legatur.

406 2603 493 2668 Num
507 2603 586 2668 illud
600 2603 791 2686 Κλεωνύμου
804 2596 896 2685 δ”.4.,
909 2613 968 2669 τοῦ
979 2603 1012 2669 δὲ
1024 2605 1073 2671 Ἐ.
1088 2606 1194 2670 locum
1207 2606 1353 2671 Acusilai
1367 2607 1409 2670 ad
1421 2629 1491 2671 ver-

317 2709 394 2773 hum
423 2711 591 2792 exprimat,
620 2719 758 2795 propter
784 2713 958 2796 fragmenti
982 2713 1175 2777 brevitatem
1199 2713 1295 2796 plane
1320 2713 1493 2779 diiudicari

317 2823 445 2899 nequit:
470 2818 580 2882 dicant
603 2819 734 2904 licet.³⁹)
766 2820 819 2884 De
844 2820 1001 2884 vocabulo
1018 2811 1132 2907 ἤκουσε
1153 2820 1204 2902 cf.‚
1230 2842 1302 2902 quae
1327 2821 1370 2886 ad
1393 2821 1453 2907 frg.
1472 2823 1491 2884 8

318 2925 468 3007 exposui3
492 2925 538 2988 nil
555 2927 617 2989 nisi
644 2926 827 3013 „varstand
852 2927 1071 3009 gebrauchte“
1091 2927 1253 3010 significat
1269 2949 1375 3010 neque
1401 2927 1489 3011 quic-

318 3053 415 3112 quam
440 3032 530 3096 dubii
552 3034 708 3116 relinquit
732 3034 918 3100 scholiasta.

405 3137 549 3204 Ubinam
577 3140 793 3222 fragmentum
823 3141 973 3206 inseres?
1018 3142 1094 3205 Nou
1121 3147 1211 3205 certa
1243 3141 1341 3206 datur
1372 3141 1488 3205 diiudi-

318 3246 414 3309 catio
446 3246 520 3311 Nisi
543 3249 629 3330 (cum
653 3247 695 3312 ad
719 3249 926 3330 genealogias
942 3249 1051 3331 potius
1068 3249 1176 3312 omnia
1193 3270 1290 3331 quam
1307 3249 1348 3312 ad
1366 3248 1492 3312 fabulas

318 3352 491 3419 referenda
516 3354 593 3438 sint)
620 3354 659 3418 de
683 3355 851 3437 Echepolo
875 3357 909 3419 in
932 3354 1150 3420 Troianorum
1174 3355 1273 3420 rebus
1298 3377 1490 3420 commemo-

318 3466 389 3524 rato
422 3461 563 3542 cogitare
600 3461 689 3541 velis,
726 3461 875 3526 Acusilai
911 3462 1034 3526 dictum
1066 3485 1105 3525 ex
1137 3468 1307 3527 stemmate
1341 3460 1490 3546 Sicyonis

318 3567 531 3652 (Echepolus)
556 3567 605 3632 vel
630 3565 828 3634 Cleonarum
859 3567 1087 3655 (Cleonymus)
1120 3591 1270 3634 manasse
1293 3570 1364 3634 iure
1388 3571 1492 3653 suspi-

319 3674 456 3739 caberis.

406 3818 506 3903 Frg.
530 3819 582 3882 13
607 3817 678 3905 (29)
701 3853 727 3870 =
751 3819 850 3885 schol.
875 3820 981 3899 Ανοίί.
1009 3819 1068 3884 Rc.
1094 3827 1173 3900 Ανρ.
1201 3828 1229 3882 Δ
1253 3822 1338 3885 992:

407 3941 543 4024 αἵματος
562 3936 738 4031 Οὐρανίοιο]
759 3937 1001 4022 Ἀκουσίλαος
1025 3943 1057 4009 ἐν
1079 3953 1118 4031 τῇ
1142 3947 1232 4031 τρίτῃ
1250 3950 1357 4032 φησίν,
1382 3939 1433 4010 ὅτι
1457 3942 1492 4009 ἐκ

317 4058 374 4137 τῆς
397 4047 529 4134 ἓκτομῆς
544 4061 601 4116 τοῦ
620 4044 760 4138 Οὐρανοῦ
776 4053 904 4141 ῥανίδας
920 4049 1121 4140 ἐνενεχθῆναι
1138 4056 1320 4132 σονίττεσεν,
1345 4057 1490 4117 τουτέστι

317 4189 529 4196 -—-——--.—

406 4248 440 4316 39)
461 4253 501 4302 lta
520 4254 688 4316 Bernhardy,
710 4254 752 4306 Gr.
772 4255 849 4317 Littg.
869 4255 879 4303 l
899 4270 924 4318 p.
943 4252 1008 4314 235;
1029 4259 1057 4304 at
1075 4260 1134 4304 turn
1154 4255 1255 4304 addam
1276 4253 1489 4317 fragmentum?

320 4345 357 4408 (et
376 4341 429 4406 36).
