3376 5178
653 431 873 493 -11-

265 620 346 704 Quae
363 622 555 705 genealogia
579 644 653 686 oum
668 621 817 687 Aousilai
833 623 1017 688 rationibus
1034 625 1242 708 consiliisque
1258 647 1350 709 pror-

174 751 229 794 sus
246 729 410 811 congruit3
428 751 522 793 suum
535 729 621 794 enim
634 729 744 811 luisse,
767 730 855 793 omni
870 736 996 794 naturae
1014 737 1138 794 eertum
1151 737 1259 796 ortum
1273 732 1352 798 dare

173 832 361 918 (Cupidinis
386 834 546 900 Hesiodei
569 842 707 901 stemma
731 837 811 901 satis
836 836 1012 901 obscurum
1035 837 1353 924 est‚¹⁶)1inordinata

173 941 322 1024 digerere
346 943 489 1024 (Erebus
518 949 551 1008 et
579 942 656 1007 Nox
679 975 705 994 =
728 965 798 1008 mas
823 950 855 1007 et
878 943 1015 1010 femina:
1046 945 1067 1008 i.
1093 966 1121 1012 e.
1145 947 1284 1010 materia
1307 947 1350 1010 ad

173 1050 396 1130 generandum
413 1056 446 1114 et
461 1048 655 1133 pariendum
672 1049 773 1135 apta),
799 1050 907 1116 soluta
923 1072 1127 1134 componere,
1145 1052 1231 1117 infra
1248 1053 1350 1137 magis

172 1157 340 1241 magisque
364 1156 591 1224 illustrabitur.

261 1262 499 1347 Fragmentum
537 1264 631 1328 initio
671 1265 780 1347 operis
813 1263 1024 1330 inserendum
1060 1287 1132 1331 esse
1165 1267 1199 1330 in
1234 1288 1351 1351 propa·

172 1370 242 1434 tulo
267 1375 326 1438 est.

260 1505 362 1590 Frg.
386 1505 414 1569 2
438 1506 486 1588 (λς
511 1505 611 1574 schol.
635 1504 719 1572 Hes.
744 1525 806 1569 om.
833 1504 980 1592 Muell.):

216 1638 321 1705 Sciret.
337 1641 412 1707 Her.
431 1641 736 1724 demolitam
836 1641 943 1723 Etym.
969 1642 1014 1706 M.
1039 1661 1064 1706 ε.
1089 1661 1118 1710 ο.
1143 1650 1250 1720 Κοῖος.

172 1748 249 1813 ada.
274 1766 307 1812 ιι.
332 1747 442 1828 Gaios.

215 1871 314 1938 Κοῖόν
325 1897 370 1938 τε.
391 1871 428 1940 Οἱ
440 1872 572 1951 Αἰολεῖς
583 1871 620 1939 τὸ
628 1861 654 1938 ν
662 1865 735 1938 α’ντὶ
836 1918 860 1934 ..
873 1921 897 1934 ..
915 1870 1013 1937 Κοῖόν
1025 1897 1060 1938 τε
1072 1871 1188 1958 Κρεῖον
1199 1865 1351 1960 θ’Ὑντερ-

171 1969 443 2050 sedandarum.
463 1992 562 2048 Ποῖον
575 1971 629 2047 οὖν
642 1985 733 2070 φησί,
790 1974 860 2041 [ovd
892 1968 1066 2044 τ”Ιαπετόν
1096 2004 1131 2045 τε
1161 1980 1256 2066 (Hes.
1289 1983 1350 2048 Th.

169 2086 231 2176 τὴν
246 2083 416 2175 ποιότητα.
452 2088 561 2174 Ζήνων
578 2089 611 2155 δὲ
630 2097 734 2178 Tadi]-
793 2084 886 2169 134):
910 2123 954 2130 “
978 2084 1009 2150 Ol
1032 2085 1164 2165 Λῖθλόῑς
1186 2078 1263 2152 rt}
1278 2079 1352 2153 ἀντὶ

169 2219 235 2277 νοις,
269 2197 350 2283 φησὶ
373 2195 528 2282 εἰρῆσθαι
552 2204 734 2285 φυσικωτέ-
788 2198 847 2254 τθῦ
869 2181 897 2256 ἦ
919 2196 1092 2280 κέχρηνται.

170 2327 243 2388 ριος,
273 2302 325 2368 διὰ
356 2301 393 2369 τὸ
423 2303 468 2390 μὴ
499 2303 734 2374 διατάττεσθαι

170 2409 345 2488 διαπαντὸς
360 2419 418 2476 τοῦ
434 2410 556 2494 κόσμου
579 2412 619 2477 τὰ
642 2435 733 2479 στοι-

166 2529 250 2599 χεῖα.

214 2633 339 2710 Κρεῖον.
361 2625 403 2692 Τὸ
415 2625 579 2710 βασιλικὸν
590 2629 646 2692 καὶ
657 2621 732 2716 ἡγε-

168 2730 308 2813 μονικόν.
343 2725 519 2818 Ὑπερίονα.
559 2733 620 2822 Τὴν
649 2728 732 2823 ὑπὲρ

168 2847 225 2925 τῆς
258 2847 315 2924 γῆς
348 2845 471 2927 κίνησιν
509 2851 567 2907 τοῦ
600 2844 731 2922 παντός.

170 2942 312 3022 Ἰαπετὸς
327 2945 361 3011 δὲ
375 2938 445 3012 ἀπὸ
460 2957 516 3013 τοῦ
530 2947 622 3016 ἰέναι.
640 2941 732 3017 Ἐπεὶ

168 3052 229 3138 γὰρ
254 3055 353 3140 φύσιν
374 3053 456 3136 ἔχειν
470 3054 579 3121 πάντα
595 3055 635 3121 τὰ
651 3063 731 3146 μέρη

168 3150 330 3246 οἷφιέμενα
341 3165 477 3227 πίπτειν
485 3156 562 3242 ἅνω,
575 3163 613 3231 τὸ
624 3167 730 3232 τοιοῦ-

168 3289 224 3330 τον
240 3263 323 3344 εἶδος
334 3260 479 3335 Ἰανιετὸν
491 3268 647 3340 ἐκάλεσεν.
669 3263 730 3340 Οὗ-
1287 3268 1347 3345 Ολ-

168 3395 220 3437 τοι
230 3373 272 3452 δὲ,
285 3367 729 3465 ὡςῖιίκονσλλοιος(ᾌρκεσι’-
785 3407 836 3448 τοι
869 3383 903 3449 δὲ
934 3392 1066 3462 Τιτᾶνες
1095 3384 1265 3450 καλοῦνται
1293 3387 1348 3450 καὶ

167 3478 244 3557 λοος
266 3481 368 3564 Bas),
404 3491 536 3560 Τιτᾶνες
558 3487 729 3552 καλοῦνται
788 3490 960 3569 Τιτανλιλες,
986 3483 1030 3568 ὡς
1049 3483 1300 3572 Ἀκουσίλαος·

168 3588 223 3652 καὶ
250 3589 411 3667 Τιτανίδες
415 3640 511 3658 .....
604 3594 681 3660 Bas.
828 3590 1000 3686 ἀλληγορία
1016 3599 1057 3683 δέ,
1082 3607 1181 3666 Κοῖον
1196 3599 1252 3686 τὴν
1267 3624 1347 3668 ποι-

784 3702 891 3792 ότητα·
911 3756 917 3771 .
937 3755 969 3772 ..
998 3698 1143 3783 ίΗσίοδος
1167 3704 1199 3773 ἐν
1224 3713 1346 3794 Θεογο-

783 3815 846 3898 vlo.

257 3910 297 3974 In
321 3911 462 3976 Hesiodi
486 3913 615 3980 scholiis
646 3917 679 3980 in
703 3917 890 3984 universum
915 3921 1137 3985 difficillimum
1169 3930 1219 3988 est
1244 3923 1343 4004 dictu,

166 4022 243 4080 utra
267 4017 381 4082 scholii
405 4019 509 4084 forma
540 4021 635 4086 alteri
663 4026 886 4108 praepoueuda
910 4028 962 4092 sit.
1008 4028 1060 4092 Ex
1085 4026 1266 4094 Gaisfordii
1290 4032 1346 4096 ad·

257 4197 290 4265 1⁶)
311 4200 468 4251 Obscurum
495 4203 571 4266 dico;
600 4218 663 4252 nam
691 4209 781 4267 poetae
809 4220 900 4270 neque
920 4208 1025 4271 Cupido
1052 4210 1218 4272 allegoricus
1237 4214 1345 4259 tantum

166 4289 238 4339 deus
257 4295 316 4339 erat
336 4292 380 4355 (cl.
400 4292 448 4343 Th.
468 4291 530 4356 1⁴20)
552 4308 642 4356 neque
656 4294 747 4344 Chaos
767 4296 882 4358 aliquid,
902 4311 937 4346 ex
951 4312 1006 4360 quo
1026 4299 1095 4347 nihil
1115 4300 1193 4348 nasci
1207 4300 1345 4362 potuisset

169 4375 227 4445 (Th.
248 4378 318 4444 123).
