3376 5178
353 1727 502 1794 Acusilai
532 1727 715 1814 fragmenta
738 1747 840 1810 usque
865 1725 908 1789 ad
931 1726 1018 1790 hunc
1048 1726 1132 1790 diem
1160 1725 1210 1792 bis
1240 1725 1329 1790 edita
1353 1734 1438 1808 sunt,

265 1843 299 1900 at
313 1836 413 1901 semel
423 1835 647 1899 tantummodo
657 1833 803 1918 collecta,
817 1832 972 1898 sciliceta
985 1832 1197 1897 Frederico
1210 1832 1267 1896 W.
1282 1831 1439 1918 Stu1·z.¹)

266 1941 433 2006 Carolus
456 1939 662 2026 Mueller2)
687 1940 773 2004 enim
789 1939 953 2004 Sturzium
969 1939 1037 2004 fere
1054 1939 1247 2004 adverbum
1264 1941 1438 2024 exscripsit

266 2055 298 2114 et
321 2088 365 2095 —
387 2055 424 2112 ut
447 2048 566 2130 pusilla
590 2049 735 2112 omittam
761 2085 801 2093 -
826 2048 860 2110 in
884 2045 998 2110 ordine
1031 2052 1158 2110 tantum
1181 2046 1439 2129 fragmentorum

266 2155 541 2239 disponendorum
575 2155 616 2218 ab
649 2174 687 2217 eo
719 2153 893 2237 discrepat.
941 2153 1021 2218 Tria
1052 2173 1127 2216 vero
1163 2160 1323 2236 praeterea
1353 2153 1437 2237 frag·

264 2268 374 2326 menta
398 2262 538 2326 addidit:
565 2264 652 2336 721,
677 2260 777 2324 Proh.
803 2261 836 2324 in
852 2260 952 2342 Verg.
970 2259 1051 2323 Bue.
1076 2259 1114 2322 II
1131 2261 1182 2338 48,
1209 2260 1296 2342 quod
1318 2261 1436 2344 spuriis

264 2366 543 2433 adnumerandum
574 2388 645 2431 esse
670 2387 798 2431 censeo,
845 2367 898 2430 De
921 2365 1086 2430 nonnullis
1117 2364 1308 2449 fragmentis
1332 2386 1437 2449 pauca

265 2474 418 2539 disseruit
450 2475 491 2538 R.
524 2472 676 2539 Stiehle
711 2475 745 2537 in
776 2473 939 2556 Philologi
972 2472 1032 2536 vol.
1067 2471 1156 2538 VIII
1186 2495 1217 2555 p.
1250 2474 1435 2536 cos-610.

264 2579 383 2645 Sturzii
407 2602 498 2662 opus,
530 2581 673 2644 omnium
698 2581 753 2663 qui
776 2579 926 2645 Acusilai
955 2579 1138 2663 fragmenta
1161 2579 1350 2643 tractabant
1373 2580 1435 2643 uti-

263 2709 325 2770 que
349 2687 605 2768 fundamentum,
638 2709 835 2770 quamquam
858 2709 878 2750 a
903 2685 1023 2750 Oarolo
1047 2685 1190 2750 Mueller
1218 2687 1332 2769 paucis
1361 2707 1436 2749 auc-

263 2801 332 2857 tum
356 2800 414 2876 est,
438 2800 548 2858 tamen
565 2794 662 2858 hodie
687 2793 869 2858 obsoletum
893 2814 964 2857 esse
980 2814 1087 2875 neque
1111 2793 1177 2857 iam
1197 2791 1344 2856 sufficere
1369 2794 1438 2874 qui·

263 2922 401 2983 eumque
425 2902 611 2966 accuratius
635 2900 670 2964 id
693 2901 872 2983 inspexerit
895 2899 1063 2963 concedet.
1096 2896 1194 2982 Quod
1215 2919 1280 2962 noo
1306 2905 1357 2963 est
1380 2901 1438 2962 mi-

262 3029 344 3070 rum.
391 3007 478 3071 Nam
501 3008 631 3071 interim
655 3029 720 3070 non
744 3027 922 3089 paucorum
950 3006 1108 3070 librorum
1131 3005 1260 3069 codices
1284 3005 1436 3069 meliores

261 3114 421 3195 protracti
437 3115 722 3194 accuratioresque
741 3113 899 3177 editiones
917 3119 991 3176 sunt
1008 3119 1204 3194 comparatae
1221 3119 1330 3194 atque,
1349 3111 1437 3194 quod

263 3220 380 3282 summi
405 3234 454 3284 est
476 3220 641 3298 momenti,
669 3220 737 3283 viro
761 3219 857 3283 docto
881 3225 960 3284 nota
983 3219 1127 3283 nondum
1151 3224 1246 3282 erant
1268 3217 1435 3282 volumina

262 3326 534 3409 Herculanensis,
563 3326 681 3408 quibus
712 3326 819 3390 adhuc
844 3327 863 3388 8
895 3325 978 3410 (scil.
1002 3326 1062 3409 frg.
1090 3323 1123 3389 1⁴
1147 3328 1166 3388 3
1191 3327 1212 3386 4
1237 3327 1256 3388 6
1281 3327 1300 3388 9
1328 3329 1366 3389 11
1394 3327 1437 3388 28

263 3437 318 3511 29)
342 3455 427 3498 nova
444 3433 599 3498 debemus
615 3433 837 3519 fragmenta,³)
863 3455 935 3516 quae
953 3433 994 3496 ad
1011 3438 1180 3496 auctorem
1196 3436 1346 3494 nostrum
1363 3451 1437 3513 cog-

262 3541 460 3606 noscendum
477 3540 564 3604 haud
580 3540 715 3623 paulum
730 3540 912 3623 conferunt,
937 3546 973 3602 ut
987 3537 1073 3602 infra
1089 3537 1317 3602 illustrabitur.
1346 3537 1436 3602 Prac-

261 3656 353 3712 terea
370 3647 508 3712 Carolus
523 3646 666 3712 Mueller
690 3668 817 3712 onmem
840 3646 907 3710 iere
932 3651 1125 3728 apparatum
1149 3644 1296 3708 criticum
1313 3645 1434 3715 omisit.

351 3842 372 3912 1)
391 3845 558 3908 Pherecydis
572 3846 726 3908 fragmenta
743 3845 855 3893 evariis
874 3843 1055 3906 scriptoribus
1074 3842 1185 3904 collegit
1204 3840 1363 3890 emendavit
1377 3840 1440 3888 illu·

261 3934 366 3994 stravit,
392 3933 655 3982 commentationem
668 3934 703 3982 de
716 3934 871 3996 Pherecyde
891 3938 1009 3994 utroque
1028 3936 1055 3980 et
1074 3931 1241 3993 philosopho
1261 3935 1288 3979 et
1305 3929 1438 3978 historico

261 4023 405 4084 praemisit,
426 4022 547 4084 denique
566 4023 720 4084 fragmenta
734 4022 853 4070 Acusilai
874 4027 900 4069 et
920 4020 1026 4069 indices
1044 4019 1145 4069 adiecit
1158 4019 1315 4068 Fridericus
1330 4017 1440 4067 Guiliel-

260 4125 324 4159 nius
344 4111 432 4170 Sturz,
453 4111 495 4159 ed.
517 4111 563 4160 alt.
582 4115 664 4159 aucta
682 4116 710 4159 et
728 4111 877 4160 emendata
896 4110 967 4172 lips.
989 4108 1058 4160 1824
1077 4124 1102 4171 p.
1124 4107 1271 4158 214-224.

349 4197 369 4262 2)
390 4199 456 4248 FllG
476 4200 486 4248 l
507 4214 531 4262 p.
552 4197 697 4259 loo-103,
718 4200 938 4248 additamentum
959 4199 1023 4246 ibid.
1045 4199 1079 4249 IV
1098 4212 1123 4260 p.
1144 4196 1204 4249 624.

346 4286 367 4352 ³)
389 4289 511 4338 Breviter
534 4289 568 4337 de
593 4289 627 4337 iis
651 4289 802 4350 disputavit
820 4289 983 4347 Buecheler,
1003 4288 1096 4339 Jahrb.
1116 4287 1134 4335 f.
1155 4287 1224 4336 Phil.
1245 4287 1303 4336 XCI
1321 4283 1391 4336 1865
1413 4300 1439 4347 p.

262 4375 392 4438 513-41,
413 4378 513 4427 etalii.
