3376 5178
657 418 879 480 -31..

269 609 340 673 Iam
365 610 575 693 quadeoausa
606 611 647 675 ab
671 610 820 675 Hesiodo
852 615 966 674 noster
998 610 1187 674 discesserit
1211 630 1358 692 quaeren-

182 715 258 780 dum
282 724 341 786 est,
378 717 549 801 ⁷,Pelasgi“
567 716 823 781 autochthonum
840 737 958 780 nomon
977 715 1103 800 orat.⁰¹)
1134 717 1181 782 Ut
1204 717 1255 781 his
1279 738 1357 800 quo·

182 845 245 906 que
270 831 378 888 certus
403 825 537 888 daretur
566 832 667 905 ortus,
697 823 847 888 Acusilai
870 825 954 888 ratio
987 824 1174 906 postulavit.
1222 824 1359 888 Minime

182 931 380 1013 mirabimur,
415 938 583 995 auctorem
607 930 782 1017 Pelasgum
807 953 879 995 cum
909 931 1117 995 Phoroneo
1149 930 1359 1015 (Argivorum

182 1038 295 1120 heroe)
320 1037 583 1121 conjunxisseffl)

273 1144 479 1209 Vocabulum
495 1146 549 1212 τεαὶ
566 1145 601 1228 (l.
619 1144 665 1231 2.)
683 1145 850 1210 evidenter
867 1144 1071 1209 demonstrat
1086 1142 1278 1209 Acusilaum
1295 1144 1357 1207 Ar-

183 1273 258 1335 gum
282 1273 411 1335 quoque
442 1252 530 1316 Iovis
562 1253 682 1317 dixisse
706 1252 818 1316 filium.
866 1252 936 1316 Iam
969 1253 1038 1316 veri
1070 1258 1120 1315 est
1151 1252 1359 1336 simillimum,

183 1356 311 1442 Argum
335 1380 446 1442 regem
475 1359 562 1441 apud
585 1358 779 1424 Acusilaum
810 1359 931 1442 oppido
955 1380 1074 1422 nomen
1099 1357 1275 1442 dedisse⁶⁸l
1306 1357 1358 1439 (cf.

182 1463 242 1548 lrg.
276 1467 317 1527 23
350 1472 382 1528 et
413 1467 455 1529 40
488 1472 736 1549 oeterorumque
775 1466 1091 1550 „logographorum“
1127 1472 1276 1530 sescenta
1308 1488 1361 1530 ex·

184 1570 314 1653 empla).
362 1570 418 1635 Ad
442 1570 633 1638 Acusilaum
657 1573 744 1638 haud
769 1573 867 1637 dubie
900 1579 1027 1656 spectat
1049 1573 1174 1656 Hygini
1206 1573 1271 1637 sab.
1301 1576 1360 1637 124

185 1678 230 1760 (p.
259 1682 330 1757 106,
360 1682 379 1739 3
405 1702 446 1743 ss,
472 1678 609 1761 Schm.):
654 1681 802 1764 „Reges
833 1679 1081 1744 Achivorum.
1129 1680 1361 1745 Phoroneus

185 1782 299 1847 inachi
324 1785 410 1850 filius
434 1785 565 1869 Argus
589 1787 677 1851 Iovis
703 1787 789 1851 filius
814 1789 896 1854 eto.“
946 1787 1043 1870 Quod
1068 1788 1271 1852 enuntiatum
1294 1809 1359 1850 non

184 1899 250 1954 tam
276 1892 433 1957 audacter
457 1895 497 1958 ad
515 1894 707 1959 Acusilaum
733 1894 901 1973 referrem,
926 1895 988 1958 nisi
1013 1894 1195 1958 fabularum
1221 1896 1361 1977 scriptor

185 2020 258 2062 com
284 2001 412 2082 ceteris,
439 2002 493 2084 qui
517 2002 641 2067 Inacho
667 2001 834 2067 Phoronei
857 2003 962 2066 locum
987 2003 1146 2084 tribuunt,
1179 2002 1360 2083 dissideret,

184 2106 378 2170 Acusilaum
402 2129 478 2172 vero
496 2115 627 2173 secutus
644 2108 853 2173 Phoroneum
871 2111 1010 2192 primum
1030 2108 1227 2192 Argivorum
1251 2131 1360 2191 regem

184 2213 278 2276 nohis
294 2221 503 2297 proponeret,
531 2215 689 2281 Fortasse
707 2217 805 2280 etiam
829 2216 892 2281 hac
915 2217 948 2280 in
966 2216 1157 2300 genealogia
1173 2216 1361 2280 Phoronide

186 2319 276 2383 fonte
300 2329 413 2385 noster
436 2345 512 2386 usus
537 2323 642 2403 est.⁸⁴)

275 2427 451 2492 Acusilaus
484 2430 691 2514 genealogias
716 2430 855 2512 scripsit.
904 2428 1014 2514 Quare
1048 2430 1182 2494 dubium
1214 2452 1278 2493 non
1312 2437 1362 2493 est

185 2534 263 2616 quin
290 2534 351 2598 hoc
376 2535 593 2618 fragmentum
617 2537 824 2601 antecedenti
849 2536 1090 2620 adjungendum
1115 2539 1166 2600 sit.

274 2677 374 2762 Frg.
397 2678 450 2742 18
475 2677 545 2763 (18)
569 2711 594 2728 =
618 2680 766 2760 Apollod,
794 2681 830 2744 ΙΙ
852 2683 873 2743 5
896 2679 935 2764 (=
959 2679 1040 2744 Hes.
1065 2680 1125 2761 lg.
1154 2682 1243 2761 lau:

268 2817 400 2907 ’Ἄργον
424 2819 529 2887 δὲκαὶ
553 2818 703 2910 Ἰσμήνης
719 2821 778 2908 τῆς
794 2819 953 2888 Ἀσωποῦ
970 2820 1180 2897 ααῖςἼαοος,
1206 2809 1245 2886 οὗ
1261 2844 1363 2909 φασιν

183 2921 236 2990 'Iol
260 2925 423 3008 γενέσθαι.
450 2925 592 3016 Κάστωρ
617 2929 653 2996 δὲ
677 2928 694 2995 ὁ
720 2927 919 3018 συγγράψας
943 2926 982 2995 roi
1007 2926 1141 3017 χρονικοὶ
1164 2931 1217 2995 καὶ
1243 2931 1361 2996 πολλοὶ

185 3033 252 3097 τοῖν
274 3034 436 3120 τραγικῶν
459 3032 582 3115 Ἰνάχου
605 3033 663 3123 τῆν
678 3033 726 3102 'Iol
750 3037 909 3122 λέγουσιν·
927 3035 1085 3109 Ἡσίοδος
1101 3035 1137 3104 δὲ
1153 3038 1207 3102 καὶ
1223 3033 1362 3102 Ἀκου-

187 3141 324 3214 σίλαος
342 3141 506 3229 Πειρῆνος
523 3140 624 3232 αὐτήν
640 3141 711 3230 (τῆν
726 3140 774 3209 'Iol
787 3144 900 3207 Muell.
915 3142 1029 3229 FHG)
1046 3167 1147 3230 φασιν
1164 3137 1258 3210 εἶναι.
1275 3141 1362 3209 ταύ-

185 3273 245 3333 την
269 3247 448 3336 ἱνρωοὺνιςν
471 3251 529 3337 τῆς
545 3248 654 3338 Ἥρας
677 3249 815 3331 ἔχουσαν
839 3247 926 3324 Ζεύς
948 3239 1101 3338 ἒιγθοιρὲ.
1378 3279 1390 3316 s

278 3393 302 3451 2,
322 3393 448 3463 ΚάστωρΙ
478 3395 525 3458 srg.
546 3394 580 3445 23
608 3395 717 3458 (etesiae
737 3401 764 3444 et
783 3398 927 3458 chronogr.
954 3397 995 3458 lrg
1022 3396 1064 3447 οιΙ,
1085 3396 1200 3457 Mueller
1219 3410 1244 3457 p.
1265 3393 1316 3445 179
1336 3396 1362 3443 in

189 3483 319 3531 llerodoti
339 3485 402 3532 edit.
424 3485 502 3532 iliud.
523 3485 608 3533 Paris
629 3483 717 3538 1862).

276 3643 309 3705 6ἕ)
330 3645 367 3694 Ct'.
390 3646 502 3694 Hesiodi
522 3647 571 3708 leg.
592 3645 652 3696 212.

277 3730 310 3794 62)
331 3733 368 3783 cf.
396 3735 472 3786 ilion.
501 3736 558 3783 Hal.
586 3736 663 3786 111:
691 3732 845 3803 Φορωνέως
864 3736 920 3804 μὲν
937 3733 992 3803 γὰρ
1013 3733 1104 3800 Νιόβη
1127 3735 1243 3803 γίνεται·
1264 3734 1365 3800 ταύτης

152 3870 155 3878 ,
188 3821 219 3874 δὲ
238 3823 300 3887 υἱὸς
319 3824 366 3873 καὶ
389 3822 461 3888 Διός,
482 3826 520 3888 ὡς
539 3822 662 3890 λέγεται,
681 3821 843 3893 Πελασγός.

277 3910 310 3974 aa)
331 3915 429 3962 Nonne
456 3914 539 3976 igitur
565 3915 615 3963 tibi
641 3915 724 3963 etiam
745 3913 900 3962 Pausanias
920 3914 1081 3962 Acusilaum
1101 3917 1227 3974 spectare
1247 3912 1363 3971 videtur,

188 4005 343 4066 praesertim
365 4009 477 4066 propter
496 4009 584 4053 artam
610 4019 674 4066 (τοτα
702 4004 773 4052 inter
796 4004 957 4052 Acusilaum
986 4002 1193 4063 llesiodumque
1220 4001 1365 4050 intercedit

188 4094 436 4152 uecessitudinem,
465 4107 529 4141 cum
549 4094 621 4142 dicat
642 4091 726 4148 1126,
754 4091 783 4142 3:
810 4089 986 4159 Ἐπίδαυρος
1006 4088 1036 4140 δὲ
1055 4089 1139 4158 ἀφόὕ
1166 4089 1195 4139 τὸ
1215 4090 1306 4156 ὄνομα
1333 4095 1364 4159 τῇ

187 4185 225 4250 γῇ
239 4180 331 4247 ἐτέθη,
347 4183 384 4246 ὡς
396 4184 453 4249 μέν
465 4198 555 4250 φασιν
567 4179 692 4244 Ἠλεῖοι,
706 4178 845 4242 Πέλοπος
857 4181 901 4246 ἦν·
921 4179 1005 4229 κατὰ
1025 4177 1059 4228 δὲ
1073 4177 1241 4247 Ἀργείων
1261 4177 1366 4243 δόξαν

189 4270 247 4320 καὶ
268 4270 304 4319 τὰ
324 4271 387 4336 ἔντη
407 4270 464 4334 τὰς
482 4268 641 4339 μεγάλας
660 4267 781 4334 Ἠοίας
796 4269 831 4335 ἢν
843 4266 1010 4337 Ἐπιδαύρῳ
1024 4269 1117 4337 πατὴρ
1130 4265 1365 4335 ἈργοςὸΔιόςῩ

277 4358 310 4417 ⁶¹)
331 4362 430 4424 Meyer,
451 4362 467 4408 l.
490 4362 518 4416 l.;
540 4361 637 4408 liiukel
657 4359 719 4407 EGF
740 4374 764 4420 p.
786 4357 838 4409 209
859 4373 912 4419 ss.;
934 4359 1022 4416 Stin-k,
1045 4358 1059 4405 Ι.
1081 4358 1097 4405 l.
