3376 5178
791 461 831 469 -
880 427 921 487 64

402 616 535 683 Verone
552 639 593 681 an
610 617 692 682 falso
709 618 793 683 libro
806 618 1039 683 commentaria
1052 619 1179 683 addidit
1191 617 1356 686 Sabinus?
1380 620 1489 686 Facil-

312 726 424 789 limum
448 731 498 789 est
522 724 717 789 discernere.
757 725 884 808 Nempe
908 725 1054 809 sophista
1077 747 1142 790 nou
1165 725 1320 808 libellum,
1346 729 1401 810 qui
1425 726 1489 792 lec-

313 840 401 896 tores
426 832 607 897 oblectaret
629 831 767 915 ideoque
785 831 992 896 difficultates
1017 853 1081 897 non
1105 833 1278 916 praeberet,
1293 835 1487 917 explicavit,

313 939 371 1002 sed
394 939 502 1021 potius
527 940 683 1022 scriptum
714 940 856 1021 priscum
887 940 1131 1023 antiquumque,
1165 947 1357 1022 argumento
1388 942 1489 1023 igitur

314 1053 347 1110 et
370 1045 510 1111 fortasse
535 1047 633 1111 etiam
657 1046 762 1110 forma
785 1047 1012 1128 scrupulosum
1029 1053 1128 1129 atque
1153 1046 1283 1110 difficile
1307 1048 1486 1112 intellectu.

403 1151 512 1218 Suidao
537 1175 602 1230 nou
626 1154 722 1218 nimis
746 1174 816 1217 esse
846 1152 1073 1216 confidendum
1099 1174 1197 1236 supra
1220 1156 1341 1218 monui.
1390 1153 1488 1237 Quod

311 1261 351 1324 iis
376 1281 448 1342 quae
471 1261 601 1324 iamiam
619 1261 825 1343 expositurus
842 1281 922 1340 sum,
946 1261 1050 1345 magis
1066 1260 1294 1330 illustrabitur,
1327 1260 1379 1324 De
1396 1259 1486 1325 Acu-

310 1367 385 1430 silai
410 1366 495 1430 enim
518 1367 626 1449 patria
649 1389 754 1449 pauca
777 1369 842 1430 iam
866 1366 994 1432 addam.

402 1471 525 1538 Omnes
549 1480 700 1537 auctores
724 1475 779 1556 qui
803 1472 952 1537 Acusilai
983 1473 1122 1554 patriam
1155 1473 1307 1555 produnt,
1340 1495 1404 1538 uno
1430 1495 1487 1538 ore

312 1570 462 1665 Ἀργεῖον
475 1603 548 1644 eum
562 1578 740 1662 dicunt.¹⁴⁰)
773 1579 892 1644 Suidas
906 1580 1035 1643 demum
1048 1579 1195 1662 pleniora
1211 1581 1305 1645 nobis
1317 1583 1487 1664 proponit3

313 1690 382 1752 eius
399 1689 499 1752 verba
524 1696 598 1752 sunt
614 1687 737 1752 haecce:
762 1685 855 1770 Κάβα
878 1684 956 1765 υἱός,
981 1677 1169 1772 Ἀργεῖος,
1195 1677 1272 1751 ἀπὸ
1295 1686 1489 1772 Κερκάδος

312 1795 486 1876 (Kairatos
508 1816 568 1877 pro
592 1797 750 1878 Κεᾳιαίας
774 1793 945 1858 Villoisou.
972 1791 1099 1857 Anecd.
1125 1792 1162 1857 Τ.
1188 1793 1225 1856 ΙΙ
1249 1816 1280 1876 p.
1300 1797 1362 1858 163
1388 1801 1487 1877 extr.;

312 1901 399 1984 quod
423 1901 630 1966 commendat
654 1900 776 1984 Unger,
806 1900 964 1964 Thebana
987 1899 1162 1964 Paradoxa
1186 1922 1217 1982 p.
1243 1904 1303 1966 301
1332 1902 1389 1985 ss)
1419 1903 1487 1967 πό-

310 2010 405 2085 λεως
438 2001 557 2094 οὔσης
588 1999 753 2083 Αὐλίδος
783 2006 956 2093 πλησίον.
1003 2007 1077 2071 Nisi
1111 2005 1220 2071 Suidae
1254 2008 1362 2090 glossa
1392 2010 1487 2074 nohis

311 2122 431 2200 praesto
457 2121 552 2194 esset,
579 2116 688 2180 statim
714 2115 752 2178 do
770 2114 869 2196 Argis
893 2114 957 2178 illis
980 2103 1051 2176 κατ’
1068 2110 1184 2200 ἐξοχήν,
1210 2114 1379 2198 Argolidis
1404 2117 1486 2196 dico,

312 2224 539 2308 cogitaremus,
572 2243 610 2287 eo
642 2223 745 2307 magis
776 2222 863 2304 quod
887 2220 1064 2285 Aousilaus
1091 2220 1291 2303 Argivorum
1325 2223 1423 2287 rebus
1453 2226 1486 2287 in

311 2330 424 2413 primis
448 2329 566 2394 faverit
595 2327 651 2412 (cf.
684 2350 753 2410 cap.
786 2327 843 2391 Ill
866 2350 898 2410 p.
924 2330 965 2392 80
991 2349 1015 2396 s.
1046 2328 1099 2394 IV
1123 2332 1162 2392 91
1190 2326 1301 2412 s.).¹⁴¹)
1348 2328 1487 2394 Lexico-

311 2437 428 2520 graphi
451 2436 636 2501 testimonio
661 2437 749 2518 capti
772 2435 866 2499 multi
889 2435 1036 2499 homines
1060 2434 1147 2498 docti
1171 2433 1281 2516 Argos
1305 2435 1348 2498 ad
1372 2433 1486 2518 Aulin,

311 2543 450 2608 Boeotiae
474 2543 598 2625 urbem,
624 2544 720 2608 situm
743 2539 1047 2625 intellexerunt.¹⁴²)

309 2725 311 2728 .
399 2650 547 2714 Primum
571 2650 732 2733 quomodo
758 2649 868 2714 Snidae
900 2649 991 2713 locus
1023 2649 1064 2713 sit
1087 2647 1335 2731 intellegendus,
1369 2650 1486 2714 deinde

312 2779 462 2841 quaenam
484 2755 566 2821 fides
591 2759 619 2820 ei
644 2757 752 2821 danda
775 2757 818 2820 sit
841 2755 1052 2838 inquiramus

400 2865 498 2929 Illam
522 2865 734 2947 quastionem
758 2863 893 2927 verbose
917 2864 1070 2928 tractavit
1087 2862 1199 2944 Unger
1223 2862 1257 2946 (l.
1276 2862 1318 2944 c.)
1344 2869 1376 2927 et
1391 2863 1487 2929 Boeo-

310 2973 390 3036 tiam
420 2993 551 3055 quoque
581 2969 690 3052 Argos
722 2969 876 3053 oppidum
901 2968 1054 3034 hahuisse
1079 2968 1246 3033 contendit
1269 2968 1373 3053 (quod
1397 2977 1486 3034 certe

310 3101 370 3163 per
402 3101 436 3144 se
471 3080 542 3143 inre
582 3078 718 3160 cogitari
757 3083 876 3160 potest,
917 3077 1037 3159 quippe
1077 3076 1168 3139 cuius
1207 3076 1347 3140 nominis
1387 3077 1486 3142 nrbes
1546 3108 1548 3110 ·

312 3208 360 3250 ex.
386 3209 433 3268 gr.
466 3185 553 3269 apud
578 3182 781 3268 Stephanum
804 3182 844 3249 Β.
870 3183 1019 3247 undecim
1052 3188 1307 3259 enumerentur).
1356 3181 1421 3248 Sed
1445 3205 1486 3247 ne

310 3316 411 3358 unum
435 3293 564 3375 quidem
589 3296 817 3374 argumentum
839 3291 975 3373 protulit
999 3311 1063 3373 quo
1087 3288 1183 3372 plane
1209 3290 1388 3372 strictoque
1412 3311 1487 3354 con-

306 3402 469 3485 jecturam
493 3420 584 3464 snam
609 3396 828 3464 confirmaret.
875 3395 929 3460 Illi
954 3397 1038 3460 enirn
1071 3397 1145 3475 loci,
1177 3397 1210 3459 in
1243 3396 1361 3478 quibus
1393 3397 1486 3479 quasi

309 3510 343 3573 in
366 3507 577 3573 fundamento
603 3505 775 3570 aedificavit
797 3503 846 3566 vir
869 3503 985 3568 doctus
1002 3505 1123 3586 quique
1139 3524 1254 3567 revera
1270 3501 1379 3567 Suidae
1396 3504 1488 3567 testi-

309 3617 418 3681 monio
446 3615 544 3680 fidem
572 3613 694 3678 addere
724 3611 834 3675 idonei
865 3609 1012 3689 fuissent,
1046 3611 1191 3691 corrupti
1223 3616 1255 3673 et
1286 3609 1327 3673 ab
1352 3609 1485 3692 Ungero

398 3838 443 3904 110)
464 3841 541 3892 Dion.
562 3839 621 3888 Hal.
641 3837 708 3906 περὶ
731 3834 815 3888 Goon.
841 3850 863 3884 c.
884 3833 901 3885 5
920 3849 945 3897 p.
964 3833 1030 3896 81&
1059 3831 1485 3896 strau0x3,21(nc.n·g.15);

309 3931 417 3994 loseph.
438 3944 460 3982 c.
480 3930 528 3992 Ap.
549 3929 560 3978 l
579 3927 596 3979 2
609 3925 652 3992 §6
670 3927 782 3994 (Euseh.
796 3939 882 3988 praep.
896 3938 937 3973 ev.
951 3924 974 3972 X
988 3923 1013 3984 7,
1028 3921 1069 3987 9);
1090 3923 1166 3986 Diog.
1181 3925 1266 3970 Laert.
1282 3921 1379 3985 I§ll;
1401 3921 1485 3970 Clem.

308 4021 383 4070 Alex.
400 4020 497 4070 Strom.
518 4019 529 4068 l
549 4033 576 4082 p.
595 4015 647 4070 129
668 4015 685 4065 S
704 4013 757 4068 350
776 4015 806 4076 P,
827 4013 906 4080 (Suid
935 4028 957 4062 s.
978 4028 1001 4061 v.
1022 4009 1232 4075 Ἀκουσίλαος).

398 4107 442 4174 111)
463 4110 503 4160 ct.
520 4108 628 4167 Busolt,
650 4107 692 4156 Gr.
713 4105 812 4155 Gesch.
833 4101 856 4152 1²
875 4118 900 4166 p.
922 4101 982 4162 149,
1003 4100 1026 4152 3.

396 4197 443 4264 111)
463 4200 563 4262 Unger,
584 4198 602 4248 l.
622 4197 639 4249 l.
659 4210 685 4259 p.
705 4191 757 4247 301
778 4207 831 4255 ss.;
853 4193 881 4244 C.
895 4191 925 4241 Ο.
939 4192 1061 4250 Mueller,
1083 4190 1125 4239 Gr.
1146 4189 1228 4252 Littg.
1248 4202 1273 4251 p.
1287 4185 1348 4248 436,
1369 4185 1399 4249 93
1421 4187 1487 4235 FHG

307 4290 317 4337 l
338 4304 363 4352 p.
383 4290 489 4340 xxxvl
509 4303 546 4352 a,
567 4287 667 4347 Christ,
689 4285 732 4334 Gr.
752 4279 850 4345 Larga
869 4297 894 4344 p.
914 4278 980 4342 323;
1001 4280 1129 4330 Woerner
1147 4292 1190 4340 ap.
1210 4277 1311 4326 Rosch.
1333 4290 1356 4327 s,
1376 4275 1486 4340 Ogygos

307 4392 333 4440 p·
353 4377 413 4437 687,
435 4383 486 4432 etc.
507 4378 649 4429 Gutschm.
669 4375 706 4424 kl.
728 4374 804 4426 Schr.
825 4371 858 4420 IV
878 4368 938 4421 391.
959 4397 986 4404 -
1007 4369 1108 4418 Contra
1127 4367 1196 4415 dixit
1215 4366 1325 4429 Lipsius
1344 4365 1362 4413 l.
1383 4378 1406 4418 c,
