3376 5178
692 425 912 487 ,37-

300 615 341 679 In
363 615 577 701 Mycenarum
606 617 701 683 domo
726 620 816 702 regia
839 640 1022 702 versamur3
1055 620 1264 684 antecedenti
1287 620 1389 703 igitur

210 721 393 805 fragmento
417 725 479 789 hoo
503 731 725 790 annectamus.

300 903 400 988 Frg.
424 901 478 972 25
502 901 574 989 (22)
598 937 624 955 =
649 904 795 985 Apollod.
821 906 877 970 Ill
901 907 981 971 156:

206 1155 213 1162 ἱ
301 1054 367 1126 tot
381 1054 522 1139 Ἀσωπὸς
537 1061 685 1145 ποταμὸς
707 1054 853 1128 ’.Ωκεανοῦ
874 1064 932 1128 καὶΙ
948 1062 1085 1151 Τηθύος,
1112 1056 1156 1142 vig
1171 1064 1205 1129 δὲ
1225 1060 1388 1129 Ἀκουσί-

210 1169 301 1246 λαος
328 1170 422 1255 λέγει,
447 1178 572 1257 Πηροῦς
595 1171 649 1234 καὶ
672 1170 882 1249 Ποσειδῶνας,
908 1164 952 1248 ὡς
975 1171 1008 1236 δέ
1031 1195 1123 1250 τινες,
1150 1170 1230 1249 Διὸς
1252 1171 1307 1236 καὶ
1322 1163 1389 1237 Εἰ·-

210 1300 358 1362 cocurr-

299 1434 428 1503 Auctor
463 1439 696 1520 antiquissimae
727 1437 834 1522 Asopi
866 1440 1064 1522 genealogiae
1099 1440 1193 1504 testis
1224 1438 1388 1504 laudatur.

209 1542 284 1607 Hoc
309 1550 445 1609 stemma
469 1545 546 1610 alibi
577 1566 643 1610 non
667 1545 838 1629 legitur.⁷⁶)
885 1544 1023 1610 Iamiam
1055 1567 1162 1610 nonne
1188 1552 1239 1610 est
1270 1545 1390 1629 signifi·

210 1651 442 1732 cautissimum,
460 1651 548 1734 quod
560 1651 737 1716 Acusilaus
749 1653 824 1716 huic
836 1653 899 1737 ipsi
914 1651 1024 1737 fluvio,
1040 1654 1095 1735 qui
1112 1659 1252 1717 catervae
1265 1650 1390 1717 Oceani

210 1755 424 1840 Thetidisque
441 1758 618 1822 liberorum
641 1760 675 1823 iu
698 1759 868 1824 Hesiodi
891 1758 1090 1842 Theogoniae
1106 1780 1202 1823 versu
1220 1763 1283 1825 337
1302 1758 1389 1842 ss,⁷⁷)

210 1872 476 1929 enumeratorum
511 1864 637 1950 deest,
671 1867 839 1949 proprium
875 1873 981 1931 ortum
1014 1866 1213 1950 assignavit?
1260 1864 1390 1930 Auctor

209 1977 266 2035 aut
289 1978 357 2036 tam
381 1979 453 2036 arte
483 1972 566 2038 fonti
591 1994 649 2037 suo
680 1994 751 2038 sese
781 1975 966 2057 applicavit,
998 1980 1035 2038 ut
1057 1973 1188 2038 illorum
1219 1971 1390 2037 fluviorum

209 2099 379 2142 numerum
403 2079 537 2144 turbare
553 2079 656 2144 nollet
675 2080 815 2163 ideoque
831 2082 996 2165 propriam
1020 2081 1181 2144 inveniret
1205 2081 1389 2163 prosapiam

210 2185 333 2249 autad
357 2192 494 2250 stemma
511 2185 643 2269 aliquod
660 2187 897 2252 conficiendum
921 2189 967 2252 ita
990 2188 1146 2273 narravit,
1171 2188 1291 2269 quippe
1316 2207 1389 2250 cum

209 2291 343 2376 Asopus
367 2314 485 2375 magno
502 2293 643 2357 filiarum
659 2316 794 2358 numero
811 2294 1134 2376 praeclarissimorum
1156 2293 1309 2358 Helladis
1332 2293 1389 2357 he·

209 2419 302 2462 roum
319 2399 441 2464 abavus
458 2398 565 2464 factus
581 2401 631 2479 sit,
657 2402 820 2484 praecipue
845 2402 877 2464 in
902 2399 1022 2465 fabulis
1039 2398 1198 2484 Sicyoniis
1223 2399 1296 2484 (frg.
1317 2397 1389 2484 12!)

209 2505 412 2587 Aegineticis
437 2506 611 2570 Thebaicis
635 2507 686 2589 (cl.
713 2507 940 2572 Preller-Rob.
966 2508 988 2576 l.
1012 2508 1032 2570 l.
1057 2530 1089 2591 p.
1115 2509 1204 2590 550).
1244 2507 1389 2572 Necesse

209 2613 309 2696 igitur
331 2634 397 2676 non
422 2621 473 2677 est
489 2613 681 2678 Acusilaum
706 2614 850 2680 fabulam
866 2615 1004 2700 Aegina
1029 2615 1070 2679 ab
1088 2613 1167 2678 Iove
1188 2621 1292 2696 raptae
1316 2635 1390 2678 nar-

209 2741 310 2784 rasse.

298 2843 383 2910 Item
410 2846 452 2909 ad
475 2845 672 2930 Argivorum
697 2869 750 2912 res
773 2846 941 2930 pertinent

520 3125 522 3128 .
591 3051 843 3144 Ἡρακλειδῶν
866 3058 1006 3145 ydrum)

297 3239 397 3323 mg.
421 3238 480 3302 ao
506 3237 575 3323 (ro)
600 3271 626 3288 =
650 3237 799 3320 ιριιιιι.
824 3239 948 3304 1194.-

291 3392 450 3482 Ἕβδαμσν
485 3396 638 3476 ἐπέταξεν
672 3399 754 3481 (scil.
787 3391 935 3483 Ἡρακλεῖ
965 3389 1171 3485 Εὐρυσθεὺς)
1202 3385 1308 3460 ἆθλον
1335 3394 1391 3461 τὸν

208 3513 317 3590 Κρῆτα
340 3497 473 3590 α’γαγεῑν
494 3513 618 3592 ταῦρον.
643 3513 756 3570 τοῦτον
774 3497 1019 3582 Ἀκουσίλαος
1040 3504 1099 3588 μὲν
1123 3502 1206 3569 εἶναί
1231 3523 1311 3591 φησι
1335 3501 1391 3569 τὸν

208 3611 519 3699 διαπορθμεύσαντα
548 3603 709 3700 Εὐρώπην
735 3616 800 3694 Διί,
832 3612 917 3689 τινὲς
946 3612 980 3676 δὲ
1009 3611 1064 3677 τὸν
1091 3604 1157 3677 ὑπὸ
1189 3609 1391 3687 Ποσειδῶνας

208 3709 410 3784 ἀναδοθέντα
434 3717 468 3784 ἐκ
492 3718 671 3807 θαλάσσης,
697 3713 750 3784 ὅτε
773 3719 974 3785 καταθύσειν
991 3718 1171 3784 Ποσειδῶνι
1189 3721 1297 3794 Μέντις
1317 3713 1391 3782 εἶπε

209 3824 246 3890 τὸ
274 3825 373 3912 φανὲν
397 3823 431 3891 ἐκ
455 3835 511 3910 τῆς
534 3825 714 3913 θαλάσσης.
1405 3853 1417 3892 ⁵

298 4093 330 4158 ⁷⁶)
352 4098 433 4146 Paos,
455 4097 477 4144 ll
491 4095 534 4155 12,
554 4094 570 4144 4
590 4095 660 4157 patri
680 4096 763 4144 etiam
777 4095 892 4144 Vulcani
911 4108 1013 4144 nomen
1033 4094 1166 4152 attribuit,
1188 4098 1304 4142 matrem
1324 4106 1389 4141 vero

210 4185 341 4235 Celusum
360 4187 408 4248 (cl.
429 4186 572 4234 Celossarn
592 4185 668 4234 Eust.
688 4186 767 4233 Hom.
788 4186 807 4232 B
826 4182 879 4235 572
899 4199 924 4246 p.
945 4182 1006 4245 291,
1028 4184 1071 4247 24)
1093 4185 1227 4233 nominat.

297 4272 329 4336 Π)
349 4275 437 4332 Quem
456 4275 548 4323 locum
569 4274 728 4322 neusilaum
749 4279 876 4322 secutum
897 4288 961 4323 esse
981 4279 1096 4335 apparet
1115 4287 1150 4321 ex
1171 4273 1218 4334 srg.
1238 4271 1262 4325 7.

252 4418 254 4422 ,
298 4360 331 4425 78)
352 4364 390 4413 Cf.
411 4365 503 4416 Horat,
525 4364 573 4425 lrg.
593 4360 645 4412 344
665 4377 703 4412 ss.
