3376 5178
802 365 1020 427 --56-

313 558 447 622 ¹venisse
472 569 631 636 narraret,
663 557 830 622 refutavit:
861 555 915 623 ἵνα
937 555 982 641 μὴ
1077 550 1226 623 άποόωσι
1251 557 1318 645 riv
1339 551 1397 622 Ἑλ
1412 557 1497 645 ’νην

409 663 585 728 Acusilaus
610 664 638 728 si
661 685 776 728 causas
800 664 920 750 attulit,
946 666 1044 728 etiam
1068 687 1176 730 rerum
1192 667 1335 748 ipsarum
1360 666 1494 730 mentio-

323 792 395 834 nem
419 770 505 834 fecit.
553 771 673 835 Totum
701 771 801 854 igitur
830 771 988 835 scholium
1013 773 1043 836 ei
1067 772 1248 836 attribuere
1280 794 1345 836 non
1370 772 1494 836 dubito.

409 877 572 944 Fabulam
595 877 670 942 ideo
694 885 806 941 noster
829 879 875 941 ita
896 879 1075 961 proposuit,
1101 879 1188 960 qued
1212 880 1315 962 logice
1340 884 1373 943 et
1397 880 1497 962 scrip-

321 985 402 1049 turis
427 984 618 1068 pragmatici
649 1004 739 1048 more
763 982 892 1048 fabulas
923 991 1077 1064 tractare,
1112 984 1145 1048 id
1178 991 1249 1049 erat
1283 986 1494 1064 ,‚hist0riam“

322 1091 475 1172 scribere,
499 1089 577 1155 belli
601 1091 711 1156 Troici
735 1111 851 1156 causas
876 1091 1040 1174 explicare
1064 1092 1098 1155 in
1123 1092 1230 1155 animo
1256 1097 1335 1156 erat.

412 1196 523 1280 Quare
559 1197 600 1261 ad
633 1197 825 1262 Troicorum
855 1219 968 1281 regum
1000 1205 1136 1264 stemma
1166 1198 1383 1284 fragmentum
1413 1198 1498 1264 refe·

323 1325 441 1370 remus,

412 1483 511 1567 Frg.
535 1484 594 1548 40
618 1483 691 1570 (30)
714 1516 740 1534 =
763 1483 862 1548 saltet.
887 1485 981 1549 Hom.
1007 1508 1025 1569 ρ
1048 1486 1112 1549 207
1146 1485 1255 1566 Vola:

404 1650 540 1725 Ἴθακος
568 1652 622 1716 καὶ
658 1650 804 1741 Νήριτος
838 1649 893 1741 ride*
925 1651 1118 1741 Πολύκτωρ]
1156 1652 1347 1742 Πτερελάου
1379 1658 1499 1726 παῖδες

317 1758 452 1831 Ἴθακος
486 1761 540 1825 καὶ
573 1756 720 1847 Νήριτος
749 1756 816 1825 άπό
848 1757 934 1832 Διός
961 1757 1090 1840 ἔχοντες
1119 1757 1156 1826 τό
1187 1759 1277 1844 γένος
1308 1758 1412 1846 η’ίκουν
1441 1757 1499 1846 την

324 1867 564 1952 Κεφαλληνίαν.
588 1863 708 1954 άρὲσαν
732 1866 768 1934 ds
791 1863 906 1940 αὐτοῖς
927 1867 1025 1932 τοῦτο
1041 1864 1277 1940 καταλιπόντες
1299 1865 1340 1932 τά
1357 1866 1510 1955 σφέτερα.

326 1971 393 2062 ἠ’ξλη
409 1974 644 2061 παραγίνονται
660 1974 709 2046 εἰς
725 1970 783 2061 την
798 1971 937 2060 Ἰθάκην.
962 1976 1016 2040 καὶ
1033 1970 1135 2041 τόπον
1153 1972 1276 2048 ἰδόντος
1292 1966 1329 2040 εὖ
1346 1997 1499 2060 πεποιη-

297 2079 420 2162 τμὲνον
442 2079 491 2153 εἰς
514 2077 724 2162 συνοικισμόν
747 2078 802 2148 όιά
828 2079 865 2147 τό
888 2081 953 2146 τῶν
977 2081 1268 2169 παρατεθειμένιον
1294 2078 1500 2169 ὑψηλότερον

325 2181 409 2254 εἶναι
433 2187 684 2275 κατοικήσαντες
708 2187 805 2275 δεῦρο
828 2185 887 2274 την
909 2185 1043 2274 Ἰθάκην
1058 2186 1196 2255 ἔκτισαν.
1221 2191 1276 2255 καὶ
1301 2189 1335 2255 ἐκ
1358 2189 1417 2270 μὲν
1440 2188 1500 2254 τοῦ

324 2287 459 2362 'Idcirco
483 2292 502 2382 ἡ
524 2295 620 2381 νῆσος
644 2295 871 2379 ἐπωνομάσθη
894 2291 1017 2380 Ἰθάκη,
1041 2293 1078 2360 τό
1103 2295 1139 2362 δὲ
1162 2297 1401 2383 παρακείμενον
1424 2293 1500 2382 ὄρος

325 2402 360 2466 ἐκ
383 2402 442 2466 τοῦ
466 2403 616 2490 Νηρίτου
640 2397 795 2489 Νήριτον.
822 2400 840 2488 ἡ
864 2402 899 2470 δὲ
923 2399 1053 2489 ἱστορία
1077 2399 1167 2489 παρά
1190 2393 1439 2487 Ἀκουσιλάῳ.

415 2565 439 2614 1.
460 2561 639 2631 Πτερελάου]
662 2565 773 2614 Barnes.
793 2569 820 2613 et
839 2565 914 2613 Eust.
934 2579 959 2627 p.
979 2561 1058 2625 1815,
1079 2561 1114 2614 50
1132 2561 1287 2632 Πιριλάου
1308 2564 1335 2616 V.

414 2651 440 2704 6.
459 2652 543 2716 εἶναι]
564 2655 664 2707 Buttm.
684 2668 734 2716 pro
753 2653 828 2704 εἶναι
849 2653 905 2703 καί.

416 2740 439 2792 7.
459 2741 581 2808 pancos]
593 2743 610 2808 ἡ
620 2739 707 2806 πόλις
717 2741 820 2805 Spolrn.
848 2741 956 2791 Schol.
973 2743 992 2809 B
1008 2742 1042 2800 O:
1064 2741 1141 2792 οὗτοι
1155 2739 1324 2810 Πτερελάου
1338 2739 1439 2804 παῖδας
1452 2739 1500 2790 καὶ

460 2828 648 2899 Ἀμφιμέόης.
663 2832 711 2881 καὶ
725 2831 782 2880 ἀπὸ
795 2831 850 2898 μὲν
863 2828 982 2880 Ἰθάκου
996 2827 1107 2896 Ἰθάκη,
1121 2831 1177 2880 ἀπὸ
1192 2829 1222 2880 ds
1236 2829 1362 2898 Νηρίτου
1376 2827 1502 2897 Νήριτον

460 2919 534 2987 ὅρος,
553 2919 609 2970 ἀπὸ
631 2918 661 2970 δὲ
680 2917 866 2990 Πολύκτορος
886 2915 1088 2989 [Ιολυκτόριον
1107 2920 1192 2984 τόπος
1210 2921 1242 2969 ἐν
1261 2925 1292 2988 τῇ
1312 2916 1424 2986 Ἰθάκῃ.
1463 2919 1501 2968 Cf.

461 3010 554 3058 locurn
581 3009 755 3058 simillimum
782 3010 857 3059 Eust.
878 3011 955 3061 Hom.
977 3009 1026 3059 Od.
1046 3025 1071 3072 p.
1092 3007 1170 3069 1815,
1195 3008 1242 3060 49:
1271 3007 1312 3058 ὧν
1330 3009 1362 3073 ἐξ
1380 3005 1500 3060 'Idcirco

457 3098 512 3165 μὲν
530 3099 548 3164 ἡ
568 3095 679 3164 Ἰθάκη,
699 3097 756 3148 ἀπὸ
776 3096 806 3148 δὲ
820 3097 945 3167 Νηρίτου
960 3097 1086 3164 Νήριτον
1105 3098 1170 3166 ὅρος
1189 3100 1257 3161 ἐκεῖ,
1277 3097 1334 3147 ἀπὸ
1354 3095 1384 3147 δὲ
1403 3093 1501 3148 Πολύ-

460 3203 559 3256 κτορος
582 3187 667 3250 τόπος
693 3184 797 3236 αὐτόθι
823 3182 1033 3255 Πολυκτόριον.

417 3327 564 3412 eogitari
599 3334 717 3411 potest,
752 3327 962 3392 Eustachium
997 3327 1176 3411 pleniorem
1213 3328 1327 3394 scholii
1364 3327 1500 3391 sormam

327 3435 421 3500 nobis
446 3457 602 3500 servasse.
616 3439 618 3443 ”
634 3435 720 3500 Nam
746 3435 773 3498 si
796 3455 911 3498 revera
927 3434 1104 3500 Acusilaus
1120 3435 1258 3499 Homeri
1282 3435 1388 3499 locum
1413 3455 1502 3518 spec-

327 3543 418 3623 tavit,
437 3541 525 3607 haud
542 3541 639 3607 dubie
656 3544 754 3606 etiam
767 3541 976 3624 Polyctorem
993 3542 1055 3606 loci
1072 3542 1209 3606 alicuius
1222 3540 1367 3606 reddidit
1382 3561 1502 3624 epony·

329 3671 426 3714 mum.

417 3756 458 3819 In
475 3754 598 3820 scholio
615 3754 694 3838 quid
711 3756 753 3820 sit
769 3755 918 3820 Acusilai
935 3754 1157 3819 difficillimum
1173 3763 1223 3820 est
1240 3755 1339 3819 dictu.
1373 3751 1496 3819 Genea·

328 3863 423 3946 legiae
446 3860 595 3927 Acusilai
627 3861 706 3945 quid
729 3862 836 3928 inesse
867 3864 935 3926 veri
960 3868 1010 3927 est
1034 3861 1146 3926 simile.
1193 3861 1309 3926 Insula
1340 3861 1502 3943 expressis

330 3969 436 4034 verbis
460 3969 501 4033 ab
525 3967 642 4033 Ithaco
674 3969 841 4033 nominata
869 3968 1047 4051 itidemque
1078 3989 1170 4032 mons
1203 3968 1362 4032 aNerito
1393 3966 1502 4049 appel·

329 4076 414 4140 latus
443 4081 611 4140 auctorem
641 4081 789 4139 nostrum
820 4074 979 4160 olent¹²⁴>
1027 4072 1114 4139 Sane
1145 4075 1210 4138 iarn
1233 4075 1400 4139 Homerus
1433 4073 1501 4138 sine

418 4305 462 4372 οη
483 4309 520 4360 cr
540 4309 606 4371 σου.
629 4305 661 4360 13
682 4307 714 4360 α
736 4306 766 4359 ο
787 4305 820 4357 23
839 4305 881 4358 aa.
