3376 5178
768 389 966 450 -8-

276 571 414 665 Ἡσιόδῳ
442 579 476 644 δὲ
503 571 819 659 καὶῖίκουσίλεως
847 573 997 666 ὁμολογεῖ
1020 580 1227 670 (ξύμπφησιν
1252 583 1344 653 Stob.
1369 585 1459 669 quod

277 687 370 769 prob.
396 686 518 773 Diels).

367 828 402 914 2)
429 828 533 900 θυμοί,
577 829 707 896 Τίιοοον.
752 831 787 897 io
819 850 949 912 ονηιιοι.
986 832 1076 898 XIII
1115 833 1170 916 (cf.
1207 833 1307 902 schol.
1343 832 1457 918 Apoll.

276 935 340 1004 Rh.
373 944 401 1000 Γ
429 939 482 1019 26,
516 957 593 1020 crgo
625 971 652 990 =
683 935 814 1024 Thoo‚⁸)
846 938 887 1002 cf.
919 938 960 1002 dc
992 939 1124 1004 Wilom.
1156 940 1271 1023 Antig.
1307 963 1335 1012 v,
1372 941 1457 1008 Kar.

276 1065 307 1125 p.
335 1046 406 1123 70):

364 1176 633 1274 Ἀμφιβάλλουσι,
661 1190 749 1264 τίνος
774 1184 844 1252 υίδν
870 1185 925 1252 τὸν
945 1181 1073 1274 Ἔρωτα
1097 1186 1166 1275 [χρὴ
1187 1189 1339 1274 νομίζειν]
1365 1188 1455 1274 (add.

276 1290 435 1378 Wilam.)
466 1285 610 1371 (Ησίοδος
633 1295 708 1377 (Th.
728 1293 804 1379 120)
827 1293 886 1377 μὲν
901 1292 963 1381 γὰρ
978 1293 1090 1373 Χάους
1104 1295 1159 1359 καὶ
1178 1303 1248 1383 Γῆς,
1273 1295 1456 1382 Σιμωνίδης

268 1391 374 1485 Ἄρεος
388 1400 443 1463 καί
455 1391 650 1488 Ἀφροδίτης,
670 1393 913 1480 Ἀκουσίλαος
927 1400 1053 1479 Νυκτὸς
1068 1403 1123 1466 καί
1138 1401 1295 1487 Αἰθέρος,
1314 1395 1458 1480 Ἀλκαῖος

268 1499 384 1590 Ἴριδος
412 1507 467 1571 καὶ
490 1505 647 1596 Ζεφύρου,
672 1506 802 1597 Σαπφώ
820 1500 1007 1597 Ἀφροδίτης
1029 1510 1084 1573 καί
1110 1501 1259 1595 Οδρανοῦ,
1283 1509 1339 1573 καὶ
1362 1502 1456 1576 ἄλλοι

275 1606 391 1679 ἄλλων.

364 1758 397 1840 3)
423 1758 630 1839 Damascum,
655 1758 733 1843 περὶ
756 1749 865 1843 άρχιῦν
889 1777 914 1823 c.
941 1761 1003 1824 121
1025 1777 1057 1840 p.
1084 1761 1154 1824 383
1177 1759 1241 1824 K.:

362 1890 507 1976 (Ησίοδος
538 1898 614 1985 (Th.
642 1903 704 1964 116
730 1901 785 1984 ss.)
817 1899 850 1965 δέ
879 1923 937 1981 μοι
965 1899 1051 1964 δοκεῖ
1073 1908 1204 1985 πρῶτον
1235 1905 1392 1985 γενέσθαι
1415 1899 1451 1964 τί,

275 2004 366 2083 Χάος
390 2004 536 2091 ἱστορῶν,
565 2005 621 2094 την
644 1999 872 2093 άκατάληπτον
895 2013 952 2071 τοῦ
975 2014 1089 2092 νοητοῦ
1111 2007 1166 2071 καὶ
1189 1999 1350 2094 ἡνωμένην
1372 2033 1454 2073 παν-

274 2112 375 2190 τελιῦς
399 2112 498 2201 φύσιν
521 2114 702 2202 κεκληκέναι
718 2111 819 2191 Χάος,
844 2112 900 2200 τὴν
923 2113 956 2178 δὲ
982 2114 1042 2199 Γῆν
1065 2111 1197 2201 πρωτην
1213 2111 1341 2179 ἐκεῖθεν
1364 2139 1453 2203 παρ-

274 2218 365 2305 άγειν
389 2215 434 2299 ὥς
456 2245 528 2308 τινα
551 2213 649 2307 άρχην
672 2229 728 2308 τῆς
751 2215 825 2308 ὅλης
840 2229 951 2305 γενεᾶς
974 2228 1038 2286 τῶν
1053 2224 1154 2286 θεῶν.
1179 2219 1208 2286 εἰ
1223 2219 1267 2306 μὴ
1282 2214 1346 2308 άρα
1362 2221 1455 2299 Χάος

246 2327 331 2409 εμὲν
354 2326 410 2416 τὴν
433 2322 581 2413 δευτέραν
607 2336 673 2392 τῶν
705 2327 792 2392 δυοῖν
822 2319 937 2414 άρχιῦν,
971 2335 1033 2414 Γῆν
1063 2326 1097 2392 δὲ
1123 2328 1179 2391 καί
1213 2326 1375 2414 Τάρταρον
1398 2330 1452 2393 καὶ

266 2427 395 2519 Ἔρωτα
418 2434 457 2501 τὸ
479 2434 633 2521 τριπλοῦν
656 2433 778 2522 νοητὸν,
803 2434 858 2500 τὸν
879 2434 938 2517 μὲν
959 2427 1066 2520 ἔρωτα
1088 2426 1162 2500 άντὶ
1182 2443 1240 2500 τοῦ
1262 2439 1382 2521 τρίτου,
1408 2428 1453 2513 ιῦς

272 2541 353 2606 κατὰ
365 2533 568 2630 ἐπιστροφὴν
575 2537 810 2628 θεωρουμένην.
819 2594 825 2608 .
834 2595 841 2608 .
850 2596 858 2612 .
867 2534 1111 2619 Ἀκουσίλαος
1120 2541 1153 2607 δὲ
1161 2541 1253 2620 Χάος
1263 2542 1322 2625 μὲν
1333 2535 1452 2608 ὑποτί-

271 2653 403 2713 θεσθαί
425 2673 482 2732 μοι
506 2649 600 2714 δοκεῖΙ
615 2648 672 2736 τὴν
694 2647 825 2736 πρώτην
848 2640 955 2735 α’ρχήν,
981 2641 1025 2725 ιδς
1048 2647 1154 2736 πάντη
1177 2643 1351 2734 ἄγνωστον.
1389 2649 1452 2726 Τάς

272 2755 306 2820 δὲ
328 2753 385 2821 δύο
407 2754 489 2839 μετὰ
513 2755 570 2844 τὴν
591 2762 679 2839 μίαν·
714 2750 845 2841 Ἔρεβος
867 2755 925 2838 μὲν
948 2754 1005 2842 τὴν
1028 2749 1155 2842 άῤῥενα,
1179 2755 1235 2844 τὴν
1258 2756 1292 2821 δὲ
1314 2756 1452 2842 θήλειαν

232 2889 258 2929 ro
271 2861 392 2927 Νύκτα·
423 2861 541 2951 ταύτην
563 2863 622 2945 μὲν
644 2856 718 2928 άντὶ
741 2855 903 2950 άπειρίας,
936 2859 1056 2950 έκείνην
1084 2862 1117 2927 δὲ
1139 2855 1213 2928 άντί
1235 2863 1384 2949 πέρατος.
1417 2861 1451 2928 έκ

272 2969 305 3034 δὲ
336 2968 459 3035 τούτων
480 2971 575 3058 φησὶ
604 2975 790 3054 μιχθέντων
811 2969 943 3055 Αἰθέρα
974 2973 1130 3054 γενέσθαι
1161 2971 1216 3034 καί
1239 2963 1368 3054 Ἔρωτα
1396 2971 1451 3034 καὶ

271 3084 384 3162 Μῆτιν·
412 3075 476 3155 Τάς
498 3087 585 3162 τρεῖς
608 3075 728 3153 ταύτας
747 3075 862 3163 νοητὰς
876 3069 1086 3154 ὑποστάσεις·
1111 3075 1167 3164 την
1189 3077 1248 3159 μὲν
1271 3070 1370 3162 άκραν
1386 3075 1450 3140 Αἰ-

270 3188 356 3269 θέρα
378 3192 495 3263 ποιιῦν,
526 3182 582 3272 τὴν
606 3183 639 3249 δὲ
661 3188 761 3271 μέσην
778 3177 905 3269 Ἔρωτα
936 3182 1017 3248 κατὰ
1042 3183 1098 3272 τὴν
1130 3181 1267 3271 φυσικὴν
1289 3183 1451 3271 μεσότητα

271 3299 327 3355 τοῦ
344 3284 497 3377 Ἔρωτος,
520 3289 576 3379 τὴν
600 3291 633 3356 δὲ
656 3294 774 3379 τρίτην,
803 3299 916 3376 Μῆτιν.
948 3291 1013 3356 Καὶ
1037 3283 1134 3358 αύτὸν
1157 3283 1214 3378 ijo)
1236 3289 1292 3357 τὸν
1314 3292 1449 3356 πολυτί-

231 3423 257 3463 ω
269 3422 370 3484 μητον
381 3407 464 3464 νοῦν·
493 3397 635 3485 παράγει
651 3398 684 3463 δὲ
700 3396 757 3464 έπὶ
773 3396 900 3475 τούτοις
917 3395 951 3463 έκ
966 3407 1031 3464 τῶν
1046 3393 1151 3463 αύτιῦν
1173 3399 1218 3480 (h.
1237 3421 1264 3463 e.
1283 3419 1323 3462 cx
1338 3399 1448 3462 Erebo

271 3511 304 3570 et
326 3505 446 3589 Nocte)
477 3506 532 3570 καὶ
555 3498 660 3570 ἄλλων
692 3510 783 3571 θεῶν
813 3504 915 3571 πολὺν
942 3498 1088 3594 α’ριδμὸν
1115 3505 1197 3570 κατὰ
1220 3503 1278 3591 τὴν
1301 3496 1450 3591 Εύδηῗμου

271 3610 415 3697 ἱστορίαν
439 3612 513 3698 (frg.
540 3613 629 3698 117).

376 3754 401 3808 3.
420 3756 491 3824 Γῆν]
512 3757 609 3806 Ruelle
628 3757 679 3824 τὴν
697 3757 757 3806 οοδ.
777 3762 805 3806 et
824 3757 910 3819 Kopp.

376 3844 401 3898 5.
421 3846 493 3913 Γῆν]
513 3862 537 3896 v.
558 3848 592 3896 ad
612 3844 637 3897 3.

376 3933 401 3986 9.
420 3935 502 4003 μίαν]
521 3935 638 4004 πρώτην
657 3934 761 3988 Osann.
781 3936 816 3984 od
837 3935 949 3986 Cornut.
970 3935 1004 3983 de
1023 3935 1055 3983 N.
1076 3935 1106 3985 D.
1125 3948 1151 3996 p.
1172 3931 1233 3985 294.

357 4149 378 4216 ⁸)
399 4153 581 4203 Inveniuntur
592 4153 713 4202 Theonis
733 4152 880 4201 sententiae
900 4152 1068 4214 comparatis
1082 4151 1219 4214 Apollonii
1232 4164 1298 4199 cum
1311 4150 1448 4199 Theocriti

269 4243 457 4305 Lycophronis
483 4243 614 4291 Nicandri
640 4241 769 4304 scholiis3
798 4246 930 4303 quattuor
949 4241 1023 4290 enim
1048 4241 1111 4290 illos
1136 4241 1287 4302 scriptores
1307 4253 1447 4288 commori-

268 4331 347 4380 tariis
367 4331 442 4380 Theo
461 4331 601 4380 instruxit.
