3376 5178
668 416 888 478 „53ss

189 604 352 694 κοσμήσας
375 606 407 671 δὲ
431 606 548 692 ταύτην
578 605 658 672 ποτὲ
682 611 808 688 πέμπει
838 605 1018 694 κανηφόρον
1041 606 1208 673 θάοοοοαν
1239 606 1286 684 εἰς
1308 604 1368 694 την

189 711 370 802 άκράπσλιν
386 715 425 802 τῇ
442 711 589 783 Πολιάδι
605 711 746 802 Ἀθηνᾷ.
763 712 883 801 ταύτης
900 714 937 782 dd
953 713 970 781 ὁ
984 713 1110 802 Βορέας
1127 712 1245 796 άνεμος
1261 715 1368 803 έρασ-

190 823 267 894 θεὶς
287 816 402 890 λαθών
417 817 496 894 τους
512 818 696 905 βλέποντας
711 823 765 888 καὶ
782 818 1009 908 φυλάσσοντας
1024 817 1082 908 την
1098 817 1195 909 κόρην
1212 817 1366 909 ἥρπασεν.
1382 850 1395 888 a

190 931 244 996 καὶ
269 929 464 1010 διακομίσας
488 928 538 1000 εἰς
555 924 686 1016 Θρᾴκην
710 935 857 994 ποιεῖται
882 935 1025 1012 γυναῖκα.
1051 929 1193 1012 γίνονται
1218 927 1255 995 dd
1278 923 1369 1013 αὐτῷ

191 1039 311 1108 παῖδας
341 1035 379 1108 ἐξ
406 1032 507 1121 αὐτῆς
530 1031 641 1122 Ζήτης
670 1037 725 1101 καὶ
750 1031 890 1112 Κάλαϊς,
920 1038 956 1100 οἳ
980 1036 1034 1100 καὶ
1065 1031 1110 1102 δι’
1139 1031 1257 1122 άρετην
1285 1031 1368 1116 μετά

190 1143 254 1208 τῶν
286 1141 436 1230 ημιίλέισν
467 1139 605 1230 (ἠϊθέων
636 1141 732 1208 Stura
767 1143 886 1208 collato
918 1142 1018 1206 schol.
1052 1141 1149 1206 Hom.
1180 1167 1203 1224 μ
1234 1144 1288 1228 69)
1319 1142 1369 1214 εἰς

192 1246 342 1330 Κόλχους
372 1251 431 1317 έπὶ
454 1247 491 1316 τά
522 1247 619 1322 νάκας
648 1248 810 1317 ἔπλευσαν
843 1250 876 1316 έν
906 1249 946 1336 τῇ
968 1246 1094 1336 Ἀργοῖ.
1129 1247 1147 1335 η
1178 1247 1214 1315 δὲ
1239 1247 1368 1336 ἱστορία

192 1354 283 1445 παρά
305 1355 560 1444 Ἀκουσιλάῳ.
1384 1381 1410 1420 10

282 1482 489 1566 Quamquam
505 1483 627 1563 fabula,
649 1484 676 1548 si
691 1485 725 1546 in
742 1484 927 1547 universam
945 1488 1083 1566 spectas,
1107 1481 1191 1545 bene
1209 1481 1367 1561 sehabet,

192 1595 301 1655 tamen
319 1590 500 1656 cavendum
517 1597 576 1676 est,
600 1613 641 1654 ue
665 1597 769 1656 totam
786 1589 937 1654 Acusilai
954 1611 1026 1654 esse
1042 1589 1269 1656 concedamus.
1301 1588 1368 1651 Eli-

193 1698 325 1762 minatis
348 1698 388 1762 iis
413 1698 527 1763 scholii
542 1698 692 1781 partibus
716 1718 788 1779 quae
812 1697 944 1780 quidem
961 1696 1003 1760 ad
1019 1697 1183 1779 vulgarem
1205 1695 1371 1778 pertinent

193 1802 337 1867 fabulam
369 1804 550 1887 quibusque
574 1804 725 1869 Acusilai
755 1805 978 1870 testimonium
1010 1809 1173 1868 servatum
1204 1823 1276 1867 esse
1303 1801 1370 1866 veri

193 1931 258 1974 non
288 1917 338 1975 est
370 1912 486 1994 simile,
519 1912 580 1976 hoc
610 1917 738 1976 tantum
769 1917 882 1991 restat,
914 1910 1135 1975 Erechtheum
1168 1908 1370 1991 Oreithyiam

194 2014 293 2082 filiam
319 2026 510 2082 exornatam
534 2019 700 2101 quondam
722 2020 756 2083 in
781 2016 963 2100 Acropolin
986 2018 1123 2097 misisse,
1152 2023 1189 2080 ut
1211 2016 1370 2080 Minervae

194 2124 325 2188 Poliadi
349 2125 558 2190 sacrificaret.
593 2124 676 2190 Oum
700 2126 797 2190 huius
821 2125 941 2190 fabulae
965 2127 1069 2207 partis
1093 2145 1176 2188 unus
1196 2121 1370 2187 Acusilaus

195 2233 288 2296 testis
313 2231 515 2314 exhibeatur,
541 2255 611 2297 eam
636 2234 677 2298 ab
702 2239 834 2297 auctore
859 2239 972 2297 nostro
989 2233 1098 2296 fictam
1123 2252 1193 2295 esse
1218 2230 1370 2294 arbitror.

178 2339 243 2403 'At
266 2340 329 2405 hac
353 2339 472 2405 fabulae
496 2340 600 2405 forma
624 2341 763 2422 scriptor
787 2340 941 2404 dissensit
964 2361 984 2404 a
1006 2339 1176 2402 tritissima
1199 2337 1265 2416 illa,
1298 2357 1370 2418 quae

194 2445 418 2511 Erechtheum
446 2469 556 2530 regem
587 2449 621 2511 in
644 2449 717 2530 ipsa
741 2469 816 2512 arce
848 2446 958 2510 sedem
991 2446 1172 2511 obtinuisse
1202 2443 1370 2509 narrabat.

195 2554 315 2636 ltaque
332 2555 543 2637 quaerendum
561 2562 619 2634 est,
644 2577 794 2638 quanam
817 2554 916 2618 fuerit
931 2554 1039 2636 gravis
1062 2553 1118 2616 illa
1134 2573 1234 2617 causa
1250 2549 1370 2616 fabulae

195 2660 370 2728 mutandae.
396 2660 527 2744 Optime
541 2661 698 2726 Welcker
707 2660 761 2747 116)
775 2660 953 2744 Oreithyiae
967 2681 1084 2724 nomen
1098 2658 1254 2742 explicari
1268 2657 1371 2739 suspi-
1402 2687 1406 2698 ·

197 2773 290 2832 catus
304 2775 363 2832 est.
391 2769 475 2833 Haec
489 2772 660 2850 sententia,
674 2791 747 2852 quae
760 2770 832 2851 ipsa
844 2791 878 2833 se
892 2767 989 2834 offert
1001 2775 1035 2832 et
1047 2786 1242 2851 magnopere
1256 2763 1370 2828 Acusi-

196 2874 283 2939 laum
308 2875 472 2957 significat
489 2877 622 2960 eiusque
639 2883 766 2941 naturae
783 2876 904 2940 rationi
921 2875 1057 2939 consilio
1081 2873 1219 2937 maxime
1236 2891 1370 2935 consen·

199 2988 295 3047 tanea
316 2988 375 3069 est,
396 2983 607 3047 confirmatur
624 2983 851 3065 Etymologico
864 2981 910 3046 M.
923 3005 948 3046 s.
962 3003 990 3047 v.
1003 2971 1183 3065 Ὠρεῖέλυιαι
1208 2975 1296 3064 παρὰ
1315 2975 1372 3062 τὴν

198 3080 263 3172 lipsa
287 3087 412 3175 άοιικην
436 3087 550 3153 καὶτὸ
574 3086 648 3153 otta
672 3087 709 3152 τὸ
733 3080 822 3172 rippa]
845 3088 1017 3173 (Acusilao
1038 3087 1112 3150 θύω
1136 3093 1207 3150 erat
1229 3083 1371 3164 immoIO,

198 3196 370 3282 sacrifico),
394 3199 517 3281 γίνεται
541 3188 712 3282 attestatus,
737 3196 805 3259 κατ’
831 3193 959 3260 ἔκτασιν
981 3203 1038 3258 τοῦ
1063 3217 1080 3257 o
1103 3191 1150 3268 εἰς
1174 3191 1270 3276 uam)

288 3300 467 3387 Oreithyiae
491 3302 637 3369 aBorea
659 3310 763 3387 raptae
789 3310 822 3367 et
838 3303 929 3367 Zetae
947 3300 1123 3384 Calaisque
1147 3301 1188 3365 ab
1212 3299 1371 3364 Acusilao

198 3411 396 3476 mentionem
421 3432 492 3475 esse
516 3410 636 3476 factam
659 3413 729 3474 iure
754 3409 995 3490 concludemus,
1025 3410 1122 3472 immo
1147 3408 1231 3471 hanc
1254 3427 1371 3488 genea-

197 3516 316 3601 logiam
342 3517 483 3584 fortasse
507 3540 620 3584 ansam
648 3517 829 3600 praebuisse
853 3518 997 3581 dicemus
1025 3515 1112 3579 illius
1136 3514 1254 3580 fabulae
1279 3533 1371 3577 enar·

197 3624 309 3689 randae
334 3625 386 3709 (cf.
411 3625 471 3710 irg.
498 3627 565 3708 30).

289 3769 532 3838 11⁶)h.h.111p.
554 3771 614 3831 147,
634 3770 659 3823 9.
681 3799 713 3806 -
734 3770 772 3820 Cl.
793 3769 858 3818 ibid.
879 3783 904 3832 p.
924 3767 975 3821 154
995 3782 1047 3829 ss,
1069 3751 1145 3828 ltapp
1165 3781 1208 3828 ap.
1229 3765 1327 3813 lloseh.
1349 3777 1371 3811 s.

200 3861 302 3909 boreas
322 3875 347 3923 p.
367 3860 419 3915 812
439 3875 478 3922 s.;
499 3861 614 3910 Wdrner
633 3876 675 3924 ap.
696 3861 797 3912 Roseh.
818 3874 840 3908 s.
862 3873 885 3906 v.
906 3857 949 3908 Or.
970 3856 1030 3910 951.
1353 3865 1354 3870 ’

289 3947 336 4016 117)
356 3951 499 4000 Eiusmodi
512 3951 685 4013 etymologiae
696 3950 750 3998 iam
758 3948 962 4009 arrtiquissimis
972 3945 1145 4008 temporibus
1160 3945 1270 3993 usitatae
1281 3946 1372 4002 ονομα

200 4041 233 4088 cl.
253 4054 296 4090 ex.
318 4055 355 4103 gr.
376 4041 454 4090 Hom.
482 4058 496 4089 τ
521 4037 573 4090 406
592 4054 630 4090 ss.
658 4039 721 4089 Hes,
741 4037 789 4090 Th.
817 4035 869 4087 144
890 4050 912 4085 s.
932 4034 984 4086 207
1004 4049 1042 4086 ss,
1062 4033 1112 4084 281
1134 4048 1189 4095 ss,
1209 4032 1307 4083 hesch.
1326 4032 1373 4093 hg.

200 4127 250 4181 687
266 4143 305 4180 sa.
319 4131 408 4178 Prom.
422 4129 457 4182 85
470 4144 492 4178 s.
506 4127 567 4181 850.
590 4155 618 4163 -
640 4129 737 4189 Neque
750 4131 824 4176 certe
844 4127 954 4176 fortuito
968 4126 1085 4174 formam
1104 4124 1131 4171 in
1146 4121 1206 4173 θνα
1226 4126 1373 4170 exeuntem

201 4220 244 4272 tel.
265 4219 320 4269 Clt}
341 4219 373 4268 lV
392 4217 474 4283 8277)
500 4219 580 4267 nobis
604 4217 732 4266 traditum
752 4230 817 4266 esse
837 4217 999 4279 putaverim,
1025 4214 1127 4276 quippe
1152 4227 1215 4274 quae
1235 4212 1316 4260 ruotris
1336 4211 1375 4258 in-

200 4311 282 4367 dicet,
304 4307 451 4371 Oreithyire
466 4322 575 4367 rromeu,
597 4308 671 4370 quem
686 4307 832 4355 hctrsituus
852 4306 1009 4361 tradiderat,
1031 4319 1047 4350 a
1061 4302 1180 4364 [tristeris
1195 4303 1232 4349 ita
1245 4302 1375 4363 explana-

200 4406 260 4448 tum
279 4413 352 4447 esse.
